Date,Department,Baskets,Items,Avg_Items,Sales,Avg_Sale,Scan_Rate,Scan_Sales
3/2/23,Drinks,1,1,1,1.00,1.00,100,1.00
3/2/23,General Food,12,79,6.6,745.63,62.13,100,745.63
3/2/23,Meat/Fish,1,2,2,40.00,40.00,100,40.00
3/2/23,Service Fees,12,0,0,9.82,0.81,0,0.00
3/3/23,Condiments,1,1,1,1.50,1.50,100,1.50
3/3/23,General Food,9,37,4.1,393.29,43.69,100,393.29
3/3/23,Meat/Fish,2,4,2,50.00,25.00,100,50.00
3/3/23,Service Fees,9,0,0,4.08,0.45,0,0.00
3/3/23,Snacks,1,3,3,4.99,4.99,100,4.99
3/4/23,Drinks,1,1,1,1.50,1.50,100,1.50
3/4/23,General Food,10,50,5,723.99,72.39,100,723.99
3/4/23,Household,1,1,1,20.00,20.00,100,20.00
3/4/23,Meat/Fish,1,2,2,30.00,30.00,100,30.00
3/4/23,Service Fees,11,0,0,0.36,0.03,0,0.00
3/4/23,Snacks,2,4,2,3.10,1.55,100,3.10
3/5/23,Drinks,1,2,2,37.00,37.00,100,37.00
3/5/23,General Food,4,27,6.8,363.60,90.90,100,363.60
3/5/23,Meat/Fish,3,3,1,50.00,16.66,100,50.00
3/5/23,Service Fees,4,0,0,0.00,0.00,0,0.00
3/6/23,Cleaning&body,1,1,1,16.00,16.00,100,16.00
3/6/23,Drinks,8,17,2.1,231.00,28.87,100,231.00
3/6/23,General Food,25,161,6.4,2327.23,93.08,100,2327.23
3/6/23,Household,1,1,1,2.00,2.00,100,2.00
3/6/23,Meat/Fish,3,8,2.7,130.00,43.33,100,130.00
3/6/23,Service Fees,25,0,0,1.20,0.04,0,0.00
3/7/23,Cleaning&body,2,3,1.5,25.00,12.50,100,25.00
3/7/23,Drinks,1,1,1,1.75,1.75,100,1.75
3/7/23,General Food,8,68,8.5,1004.88,125.61,100,1004.88
3/7/23,Meat/Fish,3,7,2.3,130.00,43.33,100,130.00
3/7/23,Service Fees,8,0,0,9.83,1.22,0,0.00
3/7/23,Snacks,1,1,1,0.25,0.25,100,0.25
3/8/23,Condiments,1,8,8,12.00,12.00,100,12.00
3/8/23,General Food,8,72,9,559.13,69.89,100,559.13
3/8/23,Meat/Fish,2,2,1,40.00,20.00,100,40.00
3/8/23,Service Fees,8,0,0,0.00,0.00,0,0.00
3/9/23,Condiments,2,16,8,24.00,12.00,100,24.00
3/9/23,Drinks,4,6,1.5,80.00,20.00,100,80.00
3/9/23,General Food,11,83,7.5,1237.30,112.48,100,1237.30
3/9/23,Meat/Fish,6,8,1.3,90.00,15.00,100,90.00
3/9/23,Service Fees,12,0,0,0.40,0.03,0,0.00
3/9/23,Snacks,1,2,2,1.25,1.25,100,1.25
3/10/23,Drinks,3,3,1,78.50,26.16,100,78.50
3/10/23,General Food,8,26,3.3,454.24,56.78,100,454.24
3/10/23,Meat/Fish,1,1,1,10.00,10.00,100,10.00
3/10/23,Pinless Recharge,1,1,1,5.00,5.00,0,0.00
3/10/23,Service Fees,11,0,0,1.28,0.11,0,0.00
3/10/23,Snacks,1,1,1,0.50,0.50,100,0.50
3/11/23,Cleaning&body,1,1,1,10.00,10.00,100,10.00
3/11/23,Drinks,1,2,2,4.00,4.00,100,4.00
3/11/23,General Food,12,35,2.9,322.29,26.85,100,322.29
3/11/23,Service Fees,12,0,0,8.16,0.68,0,0.00
3/12/23,Drinks,4,9,2.3,49.50,12.37,100,49.50
3/12/23,General Food,8,30,3.8,385.20,48.15,100,385.20
3/12/23,Meat/Fish,1,2,2,30.00,30.00,100,30.00
3/12/23,Service Fees,9,0,0,2.64,0.29,0,0.00
3/13/23,Condiments,1,2,2,3.00,3.00,100,3.00
3/13/23,Drinks,1,1,1,36.00,36.00,100,36.00
3/13/23,General Food,5,16,3.2,205.88,41.17,100,205.88
3/13/23,Service Fees,5,0,0,2.00,0.40,0,0.00
3/14/23,Drinks,2,2,1,80.00,40.00,100,80.00
3/14/23,General Food,7,31,4.4,297.88,42.55,100,297.88
3/14/23,Meat/Fish,1,1,1,20.00,20.00,100,20.00
3/14/23,Service Fees,9,0,0,0.88,0.09,0,0.00
3/15/23,Drinks,4,6,1.5,181.50,45.37,100,181.50
3/15/23,General Food,7,27,3.9,744.81,106.40,100,744.81
3/15/23,Meat/Fish,3,3,1,30.00,10.00,100,30.00
3/15/23,Pinless Recharge,1,1,1,5.00,5.00,0,0.00
3/15/23,Service Fees,10,0,0,0.00,0.00,0,0.00
3/16/23,Drinks,2,3,1.5,116.00,58.00,100,116.00
3/16/23,Frozen,1,1,1,1.50,1.50,100,1.50
3/16/23,General Food,13,52,4,621.52,47.80,100,621.52
3/16/23,Meat/Fish,1,1,1,20.00,20.00,100,20.00
3/16/23,Pinless Recharge,1,1,1,20.00,20.00,0,0.00
3/16/23,Service Fees,16,0,0,4.53,0.28,0,0.00
3/16/23,Snacks,1,1,1,1.30,1.30,100,1.30
3/17/23,Condiments,1,5,5,7.50,7.50,100,7.50
3/17/23,Drinks,1,1,1,36.00,36.00,100,36.00
3/17/23,General Food,10,42,4.2,307.40,30.74,100,307.40
3/17/23,Meat/Fish,2,2,1,20.00,10.00,100,20.00
3/17/23,Service Fees,11,0,0,4.78,0.43,0,0.00
3/18/23,Drinks,2,6,3,48.25,24.12,100,48.25
3/18/23,General Food,7,68,9.7,467.29,66.75,100,467.29
3/18/23,Meat/Fish,1,1,1,10.00,10.00,100,10.00
3/18/23,Service Fees,9,0,0,0.69,0.07,0,0.00
3/18/23,Snacks,2,5,2.5,5.00,2.50,100,5.00
3/19/23,General Food,1,10,10,40.46,40.46,100,40.46
3/19/23,Pinless Recharge,1,1,1,10.00,10.00,0,0.00
3/19/23,Service Fees,2,0,0,0.00,0.00,0,0.00
3/20/23,Drinks,1,9,9,9.00,9.00,100,9.00
3/20/23,General Food,10,90,9,1746.11,174.61,100,1746.11
3/20/23,Meat/Fish,4,8,2,120.00,30.00,100,120.00
3/20/23,Pinless Recharge,2,2,1,15.00,7.50,0,0.00
3/20/23,Service Fees,13,0,0,2.01,0.15,0,0.00
3/21/23,General Food,4,17,4.3,282.99,70.74,100,282.99
3/21/23,Meat/Fish,1,1,1,20.00,20.00,100,20.00
3/21/23,Service Fees,4,0,0,1.36,0.34,0,0.00
3/22/23,Drinks,1,1,1,1.50,1.50,100,1.50
3/22/23,General Food,5,20,4,166.04,33.20,100,166.04
3/22/23,Meat/Fish,1,1,1,20.00,20.00,100,20.00
3/22/23,Misc.,2,2,1,8.00,4.00,0,0.00
3/22/23,Service Fees,7,0,0,4.94,0.70,0,0.00
3/23/23,Drinks,4,10,2.5,196.00,49.00,100,196.00
3/23/23,General Food,15,94,6.3,2064.01,137.60,100,2064.01
3/23/23,Meat/Fish,2,2,1,30.00,15.00,100,30.00
3/23/23,Service Fees,15,0,0,1.60,0.10,0,0.00
3/23/23,Snacks,1,1,1,0.50,0.50,100,0.50
3/24/23,Drinks,1,1,1,2.00,2.00,100,2.00
3/24/23,General Food,10,123,12.3,740.55,74.05,100,740.55
3/24/23,Service Fees,10,0,0,6.84,0.68,0,0.00
3/24/23,Snacks,1,1,1,3.25,3.25,100,3.25
3/25/23,Cleaning&body,2,2,1,10.00,5.00,100,10.00
3/25/23,General Food,11,60,5.5,479.75,43.61,100,479.75
3/25/23,Meat/Fish,4,5,1.3,100.00,25.00,100,100.00
3/25/23,Service Fees,11,0,0,3.78,0.34,0,0.00
3/26/23,Service Fees,2,0,0,0.16,0.08,0,0.00
3/26/23,Snacks,2,3,1.5,4.00,2.00,100,4.00
3/27/23,Drinks,4,6,1.5,77.00,19.25,100,77.00
3/27/23,General Food,13,97,7.5,1806.06,138.92,100,1806.06
3/27/23,Meat/Fish,5,6,1.2,110.00,22.00,100,110.00
3/27/23,Service Fees,14,0,0,10.62,0.75,0,0.00
3/27/23,Snacks,2,7,3.5,3.25,1.62,100,3.25
3/28/23,Drinks,3,7,2.3,234.00,78.00,100,234.00
3/28/23,Frozen,2,2,1,4.00,2.00,100,4.00
3/28/23,General Food,9,117,13,15029.98,1669.99,100,15029.98
3/28/23,Meat/Fish,2,2,1,30.00,15.00,100,30.00
3/28/23,Service Fees,12,0,0,1.26,0.10,0,0.00
3/28/23,Snacks,1,1,1,1.00,1.00,100,1.00
3/29/23,Cleaning&body,1,1,1,12.00,12.00,100,12.00
3/29/23,Drinks,2,2,1,72.00,36.00,100,72.00
3/29/23,General Food,5,22,4.4,810.76,162.15,100,810.76
3/29/23,Service Fees,5,0,0,0.00,0.00,0,0.00
3/29/23,Snacks,1,1,1,0.25,0.25,100,0.25
3/30/23,Drinks,3,7,2.3,268.00,89.33,100,268.00
3/30/23,General Food,7,91,13,12748.64,1821.23,100,12748.64
3/30/23,Meat/Fish,1,2,2,40.00,40.00,100,40.00
3/30/23,Pinless Recharge,1,1,1,5.00,5.00,0,0.00
3/30/23,Service Fees,9,0,0,0.00,0.00,0,0.00
3/31/23,General Food,5,22,4.4,661.91,132.38,100,661.91
3/31/23,Meat/Fish,2,3,1.5,60.00,30.00,100,60.00
3/31/23,Pinless Recharge,1,1,1,5.00,5.00,0,0.00
3/31/23,Service Fees,6,0,0,4.16,0.69,0,0.00
4/1/23,Cleaning&body,2,2,1,7.00,3.50,100,7.00
4/1/23,Drinks,1,2,2,2.00,2.00,100,2.00
4/1/23,General Food,14,79,5.6,684.25,48.87,100,684.25
4/1/23,Meat/Fish,4,6,1.5,120.00,30.00,100,120.00
4/1/23,Service Fees,18,0,0,10.60,0.58,0,0.00
4/2/23,Cleaning&body,1,1,1,5.00,5.00,100,5.00
4/2/23,General Food,5,21,4.2,86.91,17.38,100,86.91
4/2/23,Meat/Fish,1,1,1,20.00,20.00,100,20.00
4/2/23,Service Fees,5,0,0,0.68,0.13,0,0.00
4/3/23,Drinks,2,3,1.5,108.00,54.00,100,108.00
4/3/23,General Food,7,40,5.7,727.01,103.85,100,727.01
4/3/23,Meat/Fish,2,3,1.5,40.00,20.00,100,40.00
4/3/23,Service Fees,7,0,0,0.00,0.00,0,0.00
4/3/23,Snacks,1,1,1,0.50,0.50,100,0.50
4/4/23,Cleaning&body,1,1,1,12.00,12.00,100,12.00
4/4/23,Drinks,5,5,1,161.00,32.20,100,161.00
4/4/23,General Food,11,83,7.5,1126.06,102.36,100,1126.06
4/4/23,Meat/Fish,6,30,5,480.00,80.00,100,480.00
4/4/23,Service Fees,17,0,0,0.16,0.00,0,0.00
4/4/23,Snacks,1,3,3,2.25,2.25,100,2.25
4/5/23,Condiments,1,6,6,9.00,9.00,100,9.00
4/5/23,Drinks,4,7,1.8,7.00,1.75,100,7.00
4/5/23,General Food,12,74,6.2,455.58,37.96,100,455.58
4/5/23,Meat/Fish,7,40,5.7,660.00,94.28,100,660.00
4/5/23,Service Fees,13,0,0,2.96,0.22,0,0.00
4/6/23,Cleaning&body,1,1,1,5.99,5.99,100,5.99
4/6/23,Drinks,3,4,1.3,152.00,50.66,100,152.00
4/6/23,General Food,8,32,4,660.89,82.61,100,660.89
4/6/23,Meat/Fish,3,12,4,242.00,80.66,100,242.00
4/6/23,Service Fees,9,0,0,11.48,1.27,0,0.00
4/6/23,Snacks,1,1,1,0.99,0.99,100,0.99
4/7/23,Drinks,2,4,2,39.00,19.50,100,39.00
4/7/23,General Food,16,88,5.5,1159.94,72.49,100,1159.94
4/7/23,Meat/Fish,4,4,1,60.00,15.00,100,60.00
4/7/23,Pinless Recharge,1,1,1,10.00,10.00,0,0.00
4/7/23,Service Fees,19,0,0,2.76,0.14,0,0.00
4/8/23,Cleaning&body,2,3,1.5,18.00,9.00,100,18.00
4/8/23,Drinks,1,1,1,40.00,40.00,100,40.00
4/8/23,General Food,15,50,3.3,882.40,58.82,100,882.40
4/8/23,Household,1,10,10,70.00,70.00,100,70.00
4/8/23,Meat/Fish,4,5,1.3,100.00,25.00,100,100.00
4/8/23,Service Fees,19,0,0,11.20,0.58,0,0.00
4/8/23,Snacks,1,4,4,1.00,1.00,100,1.00
4/9/23,Cleaning&body,1,2,2,16.00,16.00,100,16.00
4/9/23,Drinks,2,5,2.5,13.00,6.50,100,13.00
4/9/23,Frozen,1,4,4,8.00,8.00,100,8.00
4/9/23,General Food,9,48,5.3,712.40,79.15,100,712.40
4/9/23,Meat/Fish,3,3,1,60.00,20.00,100,60.00
4/9/23,Service Fees,10,0,0,0.16,0.01,0,0.00
4/10/23,Clothes,1,1,1,10.00,10.00,100,10.00
4/10/23,Drinks,2,5,2.5,44.00,22.00,100,44.00
4/10/23,General Food,15,119,7.9,1241.53,82.76,100,1241.53
4/10/23,Meat/Fish,1,1,1,20.00,20.00,100,20.00
4/10/23,Service Fees,18,0,0,4.53,0.25,0,0.00
4/10/23,Snacks,2,3,1.5,1.50,0.75,100,1.50
4/11/23,Drinks,3,5,1.7,122.00,40.66,100,122.00
4/11/23,General Food,9,82,9.1,1482.84,164.76,100,1482.84
4/11/23,Service Fees,9,0,0,0.70,0.07,0,0.00
4/11/23,Snacks,2,2,1,1.50,0.75,100,1.50
4/12/23,Drinks,2,4,2,4.00,2.00,100,4.00
4/12/23,General Food,8,65,8.1,470.82,58.85,100,470.82
4/12/23,Meat/Fish,2,3,1.5,50.00,25.00,100,50.00
4/12/23,Service Fees,9,0,0,2.60,0.28,0,0.00
4/13/23,Drinks,3,6,2,8.00,2.66,100,8.00
4/13/23,General Food,7,22,3.1,242.90,34.70,100,242.90
4/13/23,Pinless Recharge,1,1,1,5.00,5.00,0,0.00
4/13/23,Service Fees,9,0,0,0.52,0.05,0,0.00
4/14/23,Drinks,3,6,2,42.50,14.16,100,42.50
4/14/23,General Food,10,44,4.4,873.39,87.33,100,873.39
4/14/23,Meat/Fish,1,1,1,20.00,20.00,100,20.00
4/14/23,Pinless Recharge,1,1,1,6.00,6.00,0,0.00
4/14/23,Service Fees,11,0,0,1.76,0.16,0,0.00
4/15/23,Drinks,1,5,5,118.00,118.00,100,118.00
4/15/23,General Food,8,69,8.6,871.95,108.99,100,871.95
4/15/23,Meat/Fish,1,1,1,20.00,20.00,100,20.00
4/15/23,Pinless Recharge,1,1,1,5.00,5.00,0,0.00
4/15/23,Service Fees,10,0,0,7.40,0.74,0,0.00
4/16/23,Drinks,1,2,2,80.00,80.00,100,80.00
4/16/23,General Food,3,12,4,265.91,88.63,100,265.91
4/16/23,Service Fees,3,0,0,0.00,0.00,0,0.00
4/17/23,Drinks,1,1,1,40.00,40.00,100,40.00
4/17/23,General Food,4,13,3.3,48.97,12.24,100,48.97
4/17/23,Pinless Recharge,1,1,1,20.00,20.00,0,0.00
4/17/23,Service Fees,5,0,0,0.00,0.00,0,0.00
4/18/23,General Food,4,19,4.8,273.74,68.43,100,273.74
4/18/23,Household,1,1,1,23.99,23.99,100,23.99
4/18/23,Meat/Fish,2,4,2,70.00,35.00,100,70.00
4/18/23,Pinless Recharge,1,1,1,3.00,3.00,0,0.00
4/18/23,Service Fees,5,0,0,1.08,0.21,0,0.00
4/19/23,Drinks,1,1,1,2.50,2.50,100,2.50
4/19/23,General Food,6,32,5.3,205.37,34.22,100,205.37
4/19/23,Meat/Fish,1,3,3,40.00,40.00,100,40.00
4/19/23,Service Fees,6,0,0,0.38,0.06,0,0.00
4/20/23,Drinks,1,4,4,160.00,160.00,100,160.00
4/20/23,Frozen,1,1,1,2.00,2.00,100,2.00
4/20/23,General Food,4,33,8.3,433.07,108.26,100,433.07
4/20/23,Meat/Fish,1,1,1,10.00,10.00,100,10.00
4/20/23,Service Fees,4,0,0,0.16,0.04,0,0.00
4/20/23,Snacks,1,5,5,10.00,10.00,100,10.00
4/21/23,Drinks,2,3,1.5,3.00,1.50,100,3.00
4/21/23,General Food,8,50,6.3,502.41,62.80,100,502.41
4/21/23,Meat/Fish,2,5,2.5,70.00,35.00,100,70.00
4/21/23,Pinless Recharge,1,1,1,5.00,5.00,0,0.00
4/21/23,Service Fees,9,0,0,2.36,0.26,0,0.00
4/21/23,Snacks,1,1,1,2.00,2.00,100,2.00
4/22/23,General Food,1,4,4,29.98,29.98,100,29.98
4/22/23,Service Fees,1,0,0,1.20,1.20,0,0.00
4/24/23,Drinks,1,1,1,40.00,40.00,100,40.00
4/24/23,General Food,4,45,11.3,1005.32,251.33,100,1005.32
4/24/23,Meat/Fish,2,2,1,20.00,10.00,100,20.00
4/24/23,Snacks,1,8,8,16.00,16.00,100,16.00
4/25/23,General Food,5,20,4,110.84,22.16,100,110.84
4/25/23,Meat/Fish,1,1,1,20.00,20.00,100,20.00
4/27/23,Drinks,3,7,2.3,49.00,16.33,100,49.00
4/27/23,General Food,5,26,5.2,365.87,73.17,100,365.87
4/27/23,Meat/Fish,2,2,1,30.00,15.00,100,30.00
4/27/23,Pinless Recharge,2,2,1,10.00,5.00,0,0.00
4/28/23,General Food,6,30,5,191.86,31.97,100,191.86
4/28/23,Meat/Fish,1,1,1,20.00,20.00,100,20.00
4/28/23,Pinless Recharge,1,1,1,5.00,5.00,0,0.00
4/29/23,Drinks,2,3,1.5,116.00,58.00,100,116.00
4/29/23,General Food,8,40,5,364.89,45.61,100,364.89
4/29/23,Meat/Fish,2,2,1,40.00,20.00,100,40.00
4/30/23,Drinks,1,4,4,4.00,4.00,100,4.00
4/30/23,General Food,2,6,3,145.99,72.99,100,145.99
4/30/23,Meat/Fish,1,1,1,10.00,10.00,100,10.00
5/1/23,Drinks,2,4,2,74.00,37.00,100,74.00
5/1/23,General Food,14,59,4.2,937.65,66.97,100,937.65
5/1/23,Meat/Fish,1,1,1,10.00,10.00,100,10.00
5/1/23,Pinless Recharge,1,1,1,10.00,10.00,0,0.00
5/1/23,Snacks,1,6,6,12.00,12.00,100,12.00
5/2/23,Clothes,1,1,1,10.00,10.00,100,10.00
5/2/23,Drinks,6,10,1.7,197.00,32.83,100,197.00
5/2/23,General Food,11,74,6.7,1397.95,127.08,100,1397.95
5/2/23,Meat/Fish,6,12,2,190.00,31.66,100,190.00
5/3/23,Drinks,1,1,1,40.00,40.00,100,40.00
5/3/23,General Food,8,35,4.4,1174.41,146.80,100,1174.41
5/3/23,Meat/Fish,2,3,1.5,60.00,30.00,100,60.00
5/3/23,Pinless Recharge,1,1,1,5.00,5.00,0,0.00
5/4/23,Drinks,3,5,1.7,117.98,39.32,100,117.98
5/4/23,General Food,7,53,7.6,1345.71,192.24,100,1345.71
5/4/23,Meat/Fish,1,1,1,20.00,20.00,100,20.00
5/4/23,Pinless Recharge,1,1,1,5.00,5.00,0,0.00
5/5/23,Clothes,1,1,1,60.00,60.00,100,60.00
5/5/23,Drinks,6,13,2.2,293.99,48.99,100,293.99
5/5/23,General Food,11,57,5.2,878.98,79.90,100,878.98
5/5/23,Meat/Fish,1,1,1,20.00,20.00,100,20.00
5/5/23,Snacks,2,3,1.5,3.00,1.50,100,3.00
5/6/23,Drinks,5,9,1.8,164.98,32.99,100,164.98
5/6/23,General Food,14,117,8.4,1315.30,93.95,100,1315.30
5/6/23,Meat/Fish,5,8,1.6,130.00,26.00,100,130.00
5/6/23,Pinless Recharge,1,1,1,8.00,8.00,0,0.00
5/7/23,General Food,8,34,4.3,302.41,37.80,100,302.41
5/7/23,Household,1,1,1,23.99,23.99,100,23.99
5/7/23,Meat/Fish,2,3,1.5,50.00,25.00,100,50.00
5/8/23,Drinks,16,26,1.6,912.92,57.05,100,912.92
5/8/23,General Food,24,180,7.5,3220.54,134.18,100,3220.54
5/8/23,Meat/Fish,5,6,1.2,70.00,14.00,100,70.00
5/8/23,Snacks,3,6,2,2.50,0.83,100,2.50
5/9/23,Drinks,5,7,1.4,123.99,24.79,100,123.99
5/9/23,General Food,13,104,8,1614.84,124.21,100,1614.84
5/9/23,Meat/Fish,4,6,1.5,80.00,20.00,100,80.00
5/9/23,Pinless Recharge,1,1,1,10.00,10.00,0,0.00
5/10/23,Drinks,2,4,2,43.00,21.50,100,43.00
5/10/23,General Food,12,85,7.1,1522.86,126.90,100,1522.86
5/10/23,Household,1,1,1,23.99,23.99,100,23.99
5/10/23,Meat/Fish,3,3,1,50.00,16.66,100,50.00
5/10/23,Snacks,1,4,4,2.00,2.00,100,2.00
5/11/23,Drinks,2,3,1.5,120.00,60.00,100,120.00
5/11/23,General Food,7,31,4.4,499.87,71.41,100,499.87
5/11/23,Meat/Fish,2,2,1,40.00,20.00,100,40.00
5/12/23,Cleaning&body,2,4,2,32.00,16.00,100,32.00
5/12/23,Drinks,2,3,1.5,119.97,59.98,100,119.97
5/12/23,General Food,10,109,10.9,1234.09,123.40,100,1234.09
5/12/23,Household,1,2,2,47.98,47.98,100,47.98
5/12/23,Meat/Fish,2,3,1.5,40.00,20.00,100,40.00
5/12/23,Pinless Recharge,1,1,1,3.00,3.00,0,0.00
5/13/23,General Food,8,28,3.5,170.14,21.26,100,170.14
5/13/23,Meat/Fish,3,9,3,160.00,53.33,100,160.00
5/13/23,Snacks,2,10,5,11.00,5.50,100,11.00
5/14/23,Drinks,2,3,1.5,42.00,21.00,100,42.00
5/14/23,General Food,6,20,3.3,270.84,45.14,100,270.84
5/14/23,Snacks,1,2,2,0.50,0.50,100,0.50
5/15/23,Drinks,4,4,1,159.96,39.99,100,159.96
5/15/23,General Food,15,66,4.4,1490.01,99.33,100,1490.01
5/15/23,Meat/Fish,2,3,1.5,50.00,25.00,100,50.00
5/15/23,Snacks,1,1,1,0.25,0.25,100,0.25
5/16/23,Drinks,2,2,1,79.99,39.99,100,79.99
5/16/23,General Food,5,39,7.8,235.46,47.09,100,235.46
5/16/23,Meat/Fish,1,2,2,20.00,20.00,100,20.00
5/16/23,Snacks,1,3,3,6.00,6.00,100,6.00
5/17/23,Cleaning&body,1,1,1,5.00,5.00,100,5.00
5/17/23,Drinks,3,4,1.3,159.98,53.32,100,159.98
5/17/23,General Food,4,13,3.3,350.91,87.72,100,350.91
5/17/23,Household,1,1,1,23.99,23.99,100,23.99
5/17/23,Meat/Fish,2,3,1.5,60.00,30.00,100,60.00
5/18/23,Drinks,2,3,1.5,119.98,59.99,100,119.98
5/18/23,General Food,7,62,8.9,985.17,140.73,100,985.17
5/18/23,Pinless Recharge,1,1,1,2.00,2.00,0,0.00
5/19/23,Drinks,2,12,6,90.00,45.00,100,90.00
5/19/23,General Food,7,48,6.9,959.88,137.12,100,959.88
5/19/23,Household,1,2,2,14.00,14.00,100,14.00
5/19/23,Meat/Fish,4,10,2.5,130.00,32.50,100,130.00
5/19/23,Pinless Recharge,1,1,1,6.00,6.00,0,0.00
5/20/23,Drinks,1,3,3,7.50,7.50,100,7.50
5/20/23,General Food,6,29,4.8,273.52,45.58,100,273.52
5/20/23,Meat/Fish,1,1,1,20.00,20.00,100,20.00
5/21/23,Drinks,3,7,2.3,162.98,54.32,100,162.98
5/21/23,General Food,4,20,5,455.91,113.97,100,455.91
5/21/23,Household,1,1,1,23.99,23.99,100,23.99
5/21/23,Meat/Fish,1,3,3,60.00,60.00,100,60.00
5/22/23,Drinks,3,6,2,161.99,53.99,100,161.99
5/22/23,General Food,7,24,3.4,366.40,52.34,100,366.40
5/22/23,Meat/Fish,4,7,1.8,110.00,27.50,100,110.00
5/22/23,Snacks,1,1,1,0.25,0.25,100,0.25
5/23/23,Drinks,1,2,2,2.00,2.00,100,2.00
5/23/23,General Food,1,2,2,7.98,7.98,100,7.98
5/23/23,Meat/Fish,1,1,1,20.00,20.00,100,20.00
5/23/23,Pinless Recharge,1,1,1,9.00,9.00,0,0.00
5/24/23,General Food,5,32,6.4,202.78,40.55,100,202.78
5/24/23,Meat/Fish,2,2,1,30.00,15.00,100,30.00
5/25/23,Drinks,2,4,2,84.99,42.49,100,84.99
5/25/23,General Food,5,17,3.4,135.93,27.18,100,135.93
5/25/23,Meat/Fish,2,4,2,60.00,30.00,100,60.00
5/26/23,Condiments,1,6,6,9.00,9.00,100,9.00
5/26/23,Drinks,3,6,2,200.97,66.99,100,200.97
5/26/23,General Food,7,112,16,1367.06,195.29,100,1367.06
5/26/23,Meat/Fish,2,5,2.5,90.00,45.00,100,90.00
5/27/23,General Food,4,22,5.5,432.89,108.22,100,432.89
5/27/23,Snacks,1,1,1,5.00,5.00,100,5.00
5/29/23,Cleaning&body,1,1,1,8.00,8.00,100,8.00
5/29/23,Drinks,1,1,1,40.00,40.00,100,40.00
5/29/23,General Food,9,42,4.7,403.73,44.85,100,403.73
5/29/23,Meat/Fish,1,2,2,20.00,20.00,100,20.00
5/30/23,Drinks,1,2,2,40.99,40.99,100,40.99
5/30/23,General Food,6,38,6.3,413.88,68.98,100,413.88
5/30/23,Meat/Fish,2,9,4.5,105.00,52.50,100,105.00
5/31/23,Drinks,2,2,1,41.00,20.50,100,41.00
5/31/23,General Food,7,36,5.1,709.27,101.32,100,709.27
5/31/23,Meat/Fish,5,8,1.6,120.00,24.00,100,120.00
6/1/23,Drinks,1,2,2,5.00,5.00,100,5.00
6/1/23,General Food,6,49,8.2,446.77,74.46,100,446.77
6/1/23,Meat/Fish,2,3,1.5,40.00,20.00,100,40.00
6/1/23,Pinless Recharge,2,2,1,15.00,7.50,0,0.00
6/2/23,General Food,8,53,6.6,667.34,83.41,100,667.34
6/2/23,Pinless Recharge,1,1,1,10.00,10.00,0,0.00
6/3/23,Cleaning&body,1,1,1,8.00,8.00,100,8.00
6/3/23,Drinks,6,10,1.7,285.95,47.65,100,285.95
6/3/23,General Food,17,55,3.2,815.84,47.99,100,815.84
6/3/23,Meat/Fish,1,1,1,20.00,20.00,100,20.00
6/4/23,General Food,5,28,5.6,787.83,157.56,100,787.83
6/5/23,Condiments,1,2,2,3.00,3.00,100,3.00
6/5/23,Drinks,4,8,2,241.97,60.49,100,241.97
6/5/23,General Food,10,49,4.9,1094.38,109.43,100,1094.38
6/5/23,Meat/Fish,4,6,1.5,120.00,30.00,100,120.00
6/6/23,Condiments,1,2,2,3.00,3.00,100,3.00
6/6/23,Drinks,1,1,1,2.00,2.00,100,2.00
6/6/23,General Food,10,72,7.2,492.90,49.29,100,492.90
6/6/23,Meat/Fish,1,10,10,160.00,160.00,100,160.00
6/6/23,Snacks,3,12,4,6.51,2.17,100,6.51
6/7/23,Drinks,3,4,1.3,81.99,27.33,100,81.99
6/7/23,General Food,15,71,4.7,820.57,54.70,100,820.57
6/7/23,Meat/Fish,1,1,1,20.00,20.00,100,20.00
6/7/23,Snacks,4,11,2.8,7.50,1.87,100,7.50
6/8/23,General Food,10,45,4.5,473.73,47.37,100,473.73
6/8/23,Household,1,10,10,8.00,8.00,100,8.00
6/8/23,Meat/Fish,2,4,2,50.00,25.00,100,50.00
6/9/23,Cleaning&body,1,1,1,10.00,10.00,100,10.00
6/9/23,Clothes,2,3,1.5,108.02,54.01,100,108.02
6/9/23,Drinks,1,1,1,40.00,40.00,100,40.00
6/9/23,General Food,15,111,7.4,1247.16,83.14,100,1247.16
6/9/23,Meat/Fish,3,10,3.3,130.00,43.33,100,130.00
6/9/23,Pinless Recharge,1,1,1,4.42,4.42,0,0.00
6/9/23,Snacks,1,3,3,15.00,15.00,100,15.00
6/10/23,Drinks,1,1,1,9.00,9.00,100,9.00
6/10/23,General Food,13,50,3.8,368.03,28.31,100,368.03
6/10/23,Meat/Fish,4,6,1.5,100.00,25.00,100,100.00
6/10/23,Pinless Recharge,1,1,1,5.00,5.00,0,0.00
6/10/23,Snacks,1,2,2,1.00,1.00,100,1.00
6/11/23,Drinks,1,2,2,79.99,79.99,100,79.99
6/11/23,General Food,8,33,4.1,417.76,52.22,100,417.76
6/11/23,Pinless Recharge,1,1,1,10.00,10.00,0,0.00
6/11/23,Snacks,2,7,3.5,10.99,5.49,100,10.99
6/12/23,Drinks,3,9,3,17.00,5.66,100,17.00
6/12/23,General Food,9,42,4.7,302.04,33.56,100,302.04
6/12/23,Snacks,1,1,1,1.00,1.00,100,1.00
6/13/23,Drinks,7,19,2.7,74.00,10.57,100,74.00
6/13/23,General Food,12,48,4,407.83,33.98,100,407.83
6/13/23,Household,1,10,10,63.70,63.70,100,63.70
6/13/23,Meat/Fish,1,1,1,20.00,20.00,100,20.00
6/13/23,Snacks,1,2,2,1.00,1.00,100,1.00
6/14/23,General Food,7,14,2,110.97,15.85,86,82.97
6/14/23,Meat/Fish,1,1,1,20.00,20.00,100,20.00
6/15/23,General Food,11,48,4.4,380.20,34.56,100,380.20
6/15/23,Meat/Fish,3,5,1.7,100.00,33.33,100,100.00
6/15/23,Pinless Recharge,1,1,1,10.00,10.00,0,0.00
6/16/23,Cleaning&body,1,2,2,16.00,16.00,100,16.00
6/16/23,General Food,3,10,3.3,57.98,19.32,100,57.98
6/16/23,Meat/Fish,1,1,1,20.00,20.00,100,20.00
6/16/23,Pinless Recharge,1,1,1,5.00,5.00,0,0.00
6/16/23,Snacks,1,10,10,5.00,5.00,100,5.00
6/17/23,General Food,11,40,3.6,541.64,49.24,100,541.64
6/17/23,Meat/Fish,2,2,1,40.00,20.00,100,40.00
6/17/23,Snacks,1,2,2,1.00,1.00,100,1.00
6/19/23,General Food,5,21,4.2,174.86,34.97,100,174.86
6/20/23,General Food,7,27,3.9,457.89,65.41,100,457.89
6/20/23,Meat/Fish,2,3,1.5,60.00,30.00,100,60.00
6/21/23,Clothes,1,1,1,125.00,125.00,0,0.00
6/21/23,Drinks,2,5,2.5,83.00,41.50,100,83.00
6/21/23,General Food,7,22,3.1,592.43,84.63,100,592.43
6/21/23,Household,1,1,1,7.99,7.99,100,7.99
6/21/23,Meat/Fish,2,2,1,20.00,10.00,100,20.00
6/22/23,Drinks,4,9,2.3,204.00,51.00,100,204.00
6/22/23,General Food,13,75,5.8,1699.81,130.75,100,1699.81
6/22/23,Meat/Fish,2,3,1.5,30.00,15.00,100,30.00
6/22/23,Snacks,2,6,3,5.50,2.75,100,5.50
6/23/23,Drinks,1,4,4,159.98,159.98,100,159.98
6/23/23,General Food,9,41,4.6,580.13,64.45,100,580.13
6/23/23,Meat/Fish,1,1,1,20.00,20.00,100,20.00
6/23/23,Snacks,1,4,4,2.00,2.00,100,2.00
6/24/23,Condiments,1,2,2,3.00,3.00,100,3.00
6/24/23,Drinks,1,3,3,119.99,119.99,100,119.99
6/24/23,General Food,9,28,3.1,634.99,70.55,100,634.99
6/24/23,Meat/Fish,4,21,5.3,310.00,77.50,100,310.00
6/26/23,Cleaning&body,1,4,4,20.00,20.00,100,20.00
6/26/23,Drinks,1,3,3,119.99,119.99,100,119.99
6/26/23,General Food,6,19,3.2,269.02,44.83,100,269.02
6/26/23,Meat/Fish,1,2,2,40.00,40.00,100,40.00
6/26/23,Pinless Recharge,1,1,1,11.00,11.00,0,0.00
6/27/23,Drinks,1,2,2,79.99,79.99,100,79.99
6/27/23,General Food,12,57,4.8,1058.68,88.22,100,1058.68
6/27/23,Meat/Fish,2,4,2,70.00,35.00,100,70.00
6/28/23,General Food,3,22,7.3,85.86,28.62,100,85.86
6/28/23,Meat/Fish,1,1,1,16.00,16.00,100,16.00
6/29/23,General Food,4,18,4.5,145.37,36.34,100,145.37
6/29/23,Meat/Fish,1,1,1,20.00,20.00,100,20.00
6/30/23,General Food,10,43,4.3,325.18,32.51,100,325.18
6/30/23,Meat/Fish,1,5,5,100.00,100.00,100,100.00
7/1/23,Cleaning&body,1,3,3,3.00,3.00,0,0.00
7/1/23,Drinks,1,1,1,40.00,40.00,100,40.00
7/1/23,General Food,12,59,4.9,952.52,79.37,98,932.52
7/1/23,Meat/Fish,2,3,1.5,50.00,25.00,100,50.00
7/2/23,General Food,3,8,2.7,77.96,25.98,100,77.96
7/2/23,Meat/Fish,2,2,1,30.00,15.00,100,30.00
7/2/23,Snacks,1,1,1,0.04,0.04,0,0.00
7/3/23,Drinks,1,1,1,40.00,40.00,100,40.00
7/3/23,General Food,8,26,3.3,524.39,65.54,100,524.39
7/3/23,Meat/Fish,1,3,3,60.00,60.00,100,60.00
7/4/23,Condiments,1,1,1,1.50,1.50,100,1.50
7/4/23,Drinks,3,3,1,119.99,39.99,100,119.99
7/4/23,General Food,18,103,5.7,1906.84,105.93,100,1906.84
7/4/23,Household,1,1,1,15.99,15.99,100,15.99
7/4/23,Meat/Fish,4,7,1.8,130.00,32.50,100,130.00
7/4/23,Pinless Recharge,2,2,1,15.00,7.50,0,0.00
7/4/23,Snacks,3,11,3.7,6.00,2.00,100,6.00
7/5/23,Drinks,1,1,1,39.99,39.99,100,39.99
7/5/23,General Food,3,19,6.3,185.94,61.98,100,185.94
7/5/23,Meat/Fish,1,1,1,20.00,20.00,100,20.00
7/6/23,Clothes,2,3,1.5,30.00,15.00,100,30.00
7/6/23,Drinks,2,3,1.5,41.99,20.99,100,41.99
7/6/23,Frozen,1,2,2,16.00,16.00,0,0.00
7/6/23,General Food,12,61,5.1,1400.92,116.74,100,1400.92
7/6/23,Meat/Fish,4,4,1,70.00,17.50,100,70.00
7/6/23,Snacks,3,11,3.7,11.51,3.83,91,11.50
7/7/23,Cleaning&body,1,1,1,5.00,5.00,100,5.00
7/7/23,Drinks,2,2,1,79.98,39.99,100,79.98
7/7/23,General Food,10,46,4.6,751.13,75.11,100,751.13
7/8/23,Drinks,2,2,1,79.99,39.99,100,79.99
7/8/23,General Food,12,58,4.8,611.58,50.96,100,611.58
7/8/23,Meat/Fish,4,6,1.5,100.00,25.00,100,100.00
7/8/23,Snacks,2,8,4,2.25,1.12,100,2.25
7/9/23,Drinks,1,1,1,9.00,9.00,100,9.00
7/9/23,General Food,4,21,5.3,369.39,92.34,100,369.39
7/9/23,Meat/Fish,1,1,1,20.00,20.00,100,20.00
7/10/23,Condiments,1,1,1,1.50,1.50,100,1.50
7/10/23,Drinks,2,2,1,40.99,20.49,100,40.99
7/10/23,General Food,16,73,4.6,1191.05,74.44,100,1191.05
7/10/23,Meat/Fish,3,3,1,50.00,16.66,100,50.00
7/11/23,Cleaning&body,1,5,5,50.00,50.00,100,50.00
7/11/23,Drinks,3,4,1.3,120.98,40.32,100,120.98
7/11/23,General Food,13,66,5.1,1476.57,113.58,100,1476.57
7/11/23,Household,1,1,1,4.00,4.00,100,4.00
7/11/23,Meat/Fish,3,8,2.7,105.00,35.00,100,105.00
7/11/23,Pinless Recharge,1,1,1,16.00,16.00,0,0.00
7/11/23,Snacks,2,2,1,1.25,0.62,100,1.25
7/12/23,General Food,9,68,7.6,633.63,70.40,100,633.63
7/12/23,Household,1,1,1,15.99,15.99,100,15.99
7/12/23,Meat/Fish,1,2,2,20.00,20.00,100,20.00
7/13/23,Cleaning&body,1,1,1,2.00,2.00,100,2.00
7/13/23,Condiments,2,4,2,6.00,3.00,100,6.00
7/13/23,Drinks,1,1,1,40.00,40.00,100,40.00
7/13/23,General Food,8,40,5,311.30,38.91,100,311.30
7/13/23,Meat/Fish,1,3,3,60.00,60.00,100,60.00
7/13/23,Service Fees,1,1,1,55.00,55.00,100,55.00
7/14/23,Drinks,2,2,1,79.98,39.99,100,79.98
7/14/23,General Food,13,70,5.4,792.29,60.94,100,792.29
7/14/23,Household,1,1,1,7.99,7.99,100,7.99
7/14/23,Meat/Fish,3,4,1.3,80.00,26.66,100,80.00
7/14/23,Snacks,1,1,1,5.00,5.00,100,5.00
7/15/23,Drinks,1,3,3,41.99,41.99,100,41.99
7/15/23,General Food,14,88,6.3,1302.35,93.02,100,1302.35
7/15/23,Meat/Fish,2,2,1,40.00,20.00,100,40.00
7/15/23,Snacks,1,1,1,3.50,3.50,0,0.00
7/16/23,General Food,1,2,2,55.98,55.98,100,55.98
7/16/23,Meat/Fish,1,2,2,40.00,40.00,100,40.00
7/17/23,Condiments,1,2,2,3.00,3.00,100,3.00
7/17/23,Drinks,1,1,1,1.00,1.00,100,1.00
7/17/23,General Food,19,52,2.7,1118.68,58.87,100,1118.68
7/17/23,Meat/Fish,4,17,4.3,190.00,47.50,100,190.00
7/18/23,Cleaning&body,1,1,1,5.50,5.50,100,5.50
7/18/23,General Food,8,22,2.8,339.93,42.49,100,339.93
7/18/23,Meat/Fish,2,3,1.5,40.00,20.00,100,40.00
7/19/23,General Food,10,53,5.3,284.37,28.43,100,284.37
7/19/23,Household,1,1,1,7.99,7.99,100,7.99
7/19/23,Meat/Fish,2,4,2,70.00,35.00,100,70.00
7/19/23,Misc.,1,1,1,15.00,15.00,100,15.00
7/20/23,General Food,6,44,7.3,448.96,74.82,100,448.96
7/20/23,Household,1,1,1,7.99,7.99,100,7.99
7/20/23,Meat/Fish,2,4,2,80.00,40.00,100,80.00
7/21/23,Cleaning&body,1,1,1,3.00,3.00,100,3.00
7/21/23,General Food,8,22,2.8,287.88,35.98,100,287.88
7/21/23,Meat/Fish,2,2,1,25.00,12.50,100,25.00
7/21/23,Snacks,1,1,1,5.00,5.00,100,5.00
7/22/23,Cleaning&body,1,1,1,20.00,20.00,100,20.00
7/22/23,Condiments,1,10,10,15.00,15.00,100,15.00
7/22/23,General Food,18,49,2.7,679.60,37.75,100,679.60
7/22/23,Household,1,1,1,15.99,15.99,100,15.99
7/22/23,Meat/Fish,1,1,1,20.00,20.00,100,20.00
7/22/23,Snacks,1,6,6,12.00,12.00,100,12.00
7/23/23,General Food,2,10,5,247.95,123.97,100,247.95
7/23/23,Meat/Fish,3,5,1.7,80.00,26.66,100,80.00
7/23/23,Snacks,1,1,1,0.25,0.25,100,0.25
7/24/23,General Food,6,22,3.7,115.27,19.21,100,115.27
7/24/23,Meat/Fish,2,2,1,40.00,20.00,100,40.00
7/25/23,Cleaning&body,1,1,1,8.00,8.00,100,8.00
7/25/23,General Food,2,6,3,51.98,25.99,100,51.98
7/26/23,Condiments,1,2,2,3.00,3.00,100,3.00
7/26/23,Drinks,1,1,1,40.00,40.00,100,40.00
7/26/23,General Food,5,11,2.2,94.96,18.99,100,94.96
7/26/23,Pinless Recharge,1,1,1,5.00,5.00,0,0.00
7/27/23,Condiments,2,6,3,27.50,13.75,83,7.50
7/27/23,General Food,5,27,5.4,261.29,52.25,100,261.29
7/27/23,Meat/Fish,3,4,1.3,96.46,32.15,75,40.00
7/27/23,Pinless Recharge,1,1,1,10.00,10.00,0,0.00
7/28/23,Cleaning&body,1,1,1,8.00,8.00,100,8.00
7/28/23,General Food,9,28,3.1,175.83,19.53,100,175.83
7/28/23,Meat/Fish,1,1,1,20.00,20.00,0,0.00
7/29/23,Cleaning&body,2,2,1,18.00,9.00,100,18.00
7/29/23,General Food,10,47,4.7,410.36,41.03,100,410.36
7/29/23,Pinless Recharge,1,1,1,5.00,5.00,0,0.00
7/31/23,General Food,10,43,4.3,1242.89,124.28,100,1242.89
7/31/23,Meat/Fish,6,7,1.2,110.00,18.33,100,110.00
7/31/23,Pinless Recharge,1,1,1,5.00,5.00,0,0.00
7/31/23,Snacks,1,2,2,1.00,1.00,100,1.00
8/1/23,Clothes,1,2,2,80.00,80.00,100,80.00
8/1/23,General Food,3,7,2.3,84.47,28.15,100,84.47
8/1/23,Meat/Fish,3,11,3.7,200.00,66.66,100,200.00
8/2/23,Cleaning&body,1,1,1,8.00,8.00,100,8.00
8/2/23,General Food,3,27,9,199.88,66.62,100,199.88
8/2/23,Pinless Recharge,1,1,1,10.00,10.00,0,0.00
8/3/23,Drinks,4,8,2,202.98,50.74,100,202.98
8/3/23,General Food,15,56,3.7,1847.88,123.19,100,1847.88
8/3/23,Meat/Fish,1,2,2,40.00,40.00,100,40.00
8/4/23,Cleaning&body,2,2,1,18.00,9.00,100,18.00
8/4/23,Drinks,8,15,1.9,326.99,40.87,100,326.99
8/4/23,General Food,17,89,5.2,1366.36,80.37,100,1366.36
8/4/23,Meat/Fish,6,13,2.2,200.00,33.33,100,200.00
8/4/23,Snacks,1,1,1,0.50,0.50,100,0.50
8/5/23,Drinks,5,9,1.8,125.98,25.19,100,125.98
8/5/23,General Food,24,99,4.1,2052.48,85.52,100,2052.48
8/5/23,Household,1,1,1,15.99,15.99,100,15.99
8/5/23,Meat/Fish,4,5,1.3,90.00,22.50,100,90.00
8/5/23,Pinless Recharge,1,1,1,10.00,10.00,0,0.00
8/6/23,General Food,3,7,2.3,57.98,19.32,100,57.98
8/6/23,Meat/Fish,1,1,1,20.00,20.00,100,20.00
8/7/23,Drinks,4,8,2,163.97,40.99,100,163.97
8/7/23,General Food,16,83,5.2,1863.38,116.46,100,1863.38
8/7/23,Meat/Fish,4,5,1.3,90.00,22.50,100,90.00
8/7/23,Pinless Recharge,1,1,1,5.00,5.00,0,0.00
8/7/23,Snacks,1,4,4,1.50,1.50,100,1.50
8/8/23,Drinks,4,7,1.8,240.96,60.24,100,240.96
8/8/23,General Food,11,57,5.2,1226.67,111.51,100,1226.67
8/8/23,Meat/Fish,3,19,6.3,260.00,86.66,100,260.00
8/8/23,Snacks,1,4,4,1.00,1.00,100,1.00
8/9/23,Cleaning&body,1,1,1,8.00,8.00,100,8.00
8/9/23,Drinks,7,9,1.3,281.94,40.27,100,281.94
8/9/23,General Food,21,89,4.2,1236.97,58.90,100,1236.97
8/9/23,Meat/Fish,5,7,1.4,90.00,18.00,100,90.00
8/9/23,Snacks,1,1,1,0.25,0.25,100,0.25
8/10/23,Drinks,2,6,3,6.00,3.00,100,6.00
8/10/23,Frozen,1,1,1,2.00,2.00,100,2.00
8/10/23,General Food,11,26,2.4,768.89,69.89,100,768.89
8/10/23,Household,1,1,1,15.99,15.99,100,15.99
8/10/23,Meat/Fish,4,4,1,60.00,15.00,100,60.00
8/10/23,Pinless Recharge,2,2,1,15.00,7.50,0,0.00
8/10/23,Snacks,1,1,1,15.00,15.00,100,15.00
8/11/23,Cleaning&body,2,2,1,10.00,5.00,100,10.00
8/11/23,Clothes,3,3,1,90.00,30.00,100,90.00
8/11/23,Drinks,2,2,1,40.99,20.49,100,40.99
8/11/23,General Food,13,45,3.5,897.67,69.05,100,897.67
8/11/23,Household,2,2,1,15.98,7.99,100,15.98
8/11/23,Misc.,3,3,1,45.00,15.00,100,45.00
8/11/23,Snacks,2,2,1,0.26,0.13,50,0.25
8/11/23,Vitamins/Medicine,1,1,1,4.75,4.75,0,0.00
8/12/23,Cleaning&body,1,1,1,20.00,20.00,100,20.00
8/12/23,Drinks,1,2,2,80.00,80.00,100,80.00
8/12/23,General Food,6,22,3.7,508.78,84.79,100,508.78
8/12/23,Meat/Fish,2,5,2.5,60.00,30.00,100,60.00
8/12/23,Pinless Recharge,1,1,1,5.00,5.00,0,0.00
8/13/23,General Food,6,21,3.5,214.41,35.73,100,214.41
8/13/23,Meat/Fish,1,1,1,20.00,20.00,100,20.00
8/14/23,Drinks,4,7,1.8,240.98,60.24,100,240.98
8/14/23,General Food,15,49,3.3,1281.70,85.44,100,1281.70
8/14/23,Meat/Fish,3,4,1.3,60.00,20.00,100,60.00
8/15/23,Drinks,1,1,1,40.00,40.00,100,40.00
8/15/23,General Food,3,18,6,151.93,50.64,100,151.93
8/15/23,Meat/Fish,1,1,1,20.00,20.00,100,20.00
8/15/23,Pinless Recharge,2,2,1,13.00,6.50,0,0.00
8/16/23,Drinks,2,2,1,79.99,39.99,100,79.99
8/16/23,General Food,5,22,4.4,336.90,67.38,100,336.90
8/16/23,Meat/Fish,1,1,1,20.00,20.00,100,20.00
8/17/23,Cleaning&body,1,2,2,16.00,16.00,100,16.00
8/17/23,Drinks,5,6,1.2,208.97,41.79,100,208.97
8/17/23,General Food,12,76,6.3,1000.35,83.36,100,1000.35
8/17/23,Meat/Fish,4,5,1.3,60.00,15.00,100,60.00
8/17/23,Snacks,2,2,1,0.50,0.25,100,0.50
8/18/23,Cleaning&body,1,1,1,10.00,10.00,100,10.00
8/18/23,Clothes,1,2,2,80.00,80.00,100,80.00
8/18/23,Drinks,1,2,2,79.99,79.99,100,79.99
8/18/23,General Food,10,51,5.1,905.75,90.57,100,905.75
8/18/23,Meat/Fish,3,6,2,88.00,29.33,100,88.00
8/18/23,Misc.,1,1,1,15.00,15.00,100,15.00
8/18/23,Pinless Recharge,1,1,1,10.00,10.00,0,0.00
8/18/23,Snacks,3,7,2.3,3.25,1.08,100,3.25
8/19/23,General Food,8,25,3.1,267.05,33.38,100,267.05
8/19/23,Snacks,1,2,2,2.00,2.00,100,2.00
8/21/23,Cleaning&body,1,1,1,8.00,8.00,100,8.00
8/21/23,Drinks,2,2,1,40.99,20.49,100,40.99
8/21/23,Frozen,1,1,1,6.99,6.99,100,6.99
8/21/23,General Food,9,82,9.1,784.76,87.19,100,784.76
8/21/23,Meat/Fish,2,4,2,70.00,35.00,100,70.00
8/22/23,Cleaning&body,1,3,3,6.00,6.00,100,6.00
8/22/23,General Food,3,18,6,201.94,67.31,100,201.94
8/22/23,Household,1,1,1,15.99,15.99,100,15.99
8/22/23,Meat/Fish,1,2,2,40.00,40.00,100,40.00
8/23/23,Drinks,1,1,1,39.99,39.99,100,39.99
8/23/23,General Food,2,5,2.5,164.49,82.24,100,164.49
8/23/23,Meat/Fish,1,1,1,20.00,20.00,100,20.00
8/23/23,Pinless Recharge,1,1,1,10.00,10.00,0,0.00
8/24/23,General Food,6,17,2.8,158.88,26.48,100,158.88
8/25/23,General Food,2,13,6.5,77.91,38.95,100,77.91
8/26/23,Cleaning&body,1,2,2,28.00,28.00,100,28.00
8/26/23,General Food,3,14,4.7,119.87,39.95,100,119.87
8/26/23,Meat/Fish,1,5,5,100.00,100.00,100,100.00
8/27/23,Drinks,1,1,1,39.99,39.99,100,39.99
8/27/23,General Food,4,19,4.8,152.34,38.08,100,152.34
8/27/23,Meat/Fish,1,2,2,40.00,40.00,100,40.00
8/27/23,Snacks,1,4,4,1.00,1.00,100,1.00
8/28/23,Drinks,1,1,1,40.00,40.00,100,40.00
8/28/23,General Food,5,16,3.2,405.85,81.17,100,405.85
8/29/23,Meat/Fish,1,2,2,40.00,40.00,100,40.00
8/30/23,General Food,2,9,4.5,51.49,25.74,100,51.49
8/30/23,Misc.,1,1,1,10.00,10.00,0,0.00
8/30/23,Pinless Recharge,1,1,1,10.00,10.00,0,0.00
8/31/23,Cleaning&body,2,2,1,16.00,8.00,100,16.00
8/31/23,Condiments,1,5,5,7.50,7.50,100,7.50
8/31/23,Drinks,1,2,2,79.98,79.98,100,79.98
8/31/23,General Food,9,80,8.9,781.42,86.82,100,781.42
8/31/23,Household,1,1,1,15.99,15.99,100,15.99
9/1/23,Cleaning&body,1,2,2,26.00,26.00,100,26.00
9/1/23,Drinks,4,10,2.5,95.98,23.99,100,95.98
9/1/23,General Food,11,63,5.7,849.36,77.21,100,849.36
9/1/23,Meat/Fish,6,6,1,110.00,18.33,100,110.00
9/1/23,Pasta/Rice,1,2,2,20.00,20.00,100,20.00
9/1/23,Pinless Recharge,1,1,1,10.00,10.00,0,0.00
9/2/23,Cleaning&body,2,3,1.5,25.00,12.50,100,25.00
9/2/23,Drinks,1,2,2,79.98,79.98,100,79.98
9/2/23,General Food,18,60,3.3,963.38,53.52,100,963.38
9/2/23,Meat/Fish,3,5,1.7,80.00,26.66,100,80.00
9/2/23,Snacks,2,6,3,9.00,4.50,100,9.00
9/3/23,Cleaning&body,1,4,4,23.00,23.00,100,23.00
9/3/23,General Food,3,6,2,74.97,24.99,100,74.97
9/3/23,Meat/Fish,1,2,2,40.00,40.00,100,40.00
9/4/23,Cleaning&body,1,1,1,8.00,8.00,100,8.00
9/4/23,Drinks,4,5,1.3,199.97,49.99,100,199.97
9/4/23,General Food,20,66,3.3,1628.19,81.40,100,1628.19
9/4/23,Household,1,2,2,15.98,15.98,100,15.98
9/4/23,Meat/Fish,4,5,1.3,100.00,25.00,100,100.00
9/4/23,Pinless Recharge,2,2,1,20.00,10.00,0,0.00
9/5/23,Cleaning&body,1,1,1,8.00,8.00,100,8.00
9/5/23,Drinks,2,2,1,42.00,21.00,100,42.00
9/5/23,General Food,9,23,2.6,607.32,67.48,100,607.32
9/5/23,Meat/Fish,3,3,1,40.00,13.33,100,40.00
9/6/23,Cleaning&body,1,1,1,8.00,8.00,100,8.00
9/6/23,Drinks,2,4,2,122.00,61.00,100,122.00
9/6/23,General Food,4,10,2.5,290.96,72.74,100,290.96
9/6/23,Meat/Fish,1,1,1,20.00,20.00,100,20.00
9/6/23,Pinless Recharge,1,1,1,5.00,5.00,0,0.00
9/7/23,Cleaning&body,2,2,1,16.00,8.00,100,16.00
9/7/23,Drinks,6,8,1.3,243.97,40.66,100,243.97
9/7/23,General Food,17,74,4.4,1612.31,94.84,100,1612.31
9/7/23,Household,1,1,1,15.99,15.99,100,15.99
9/7/23,Meat/Fish,3,4,1.3,70.00,23.33,100,70.00
9/7/23,Snacks,3,5,1.7,1.25,0.41,100,1.25
9/8/23,Drinks,3,6,2,163.96,54.65,100,163.96
9/8/23,General Food,10,35,3.5,977.58,97.75,100,977.58
9/8/23,Household,1,2,2,23.98,23.98,100,23.98
9/8/23,Meat/Fish,3,4,1.3,60.00,20.00,100,60.00
9/8/23,Pinless Recharge,1,1,1,10.00,10.00,0,0.00
9/9/23,Cleaning&body,1,1,1,20.00,20.00,100,20.00
9/9/23,Drinks,4,6,1.5,163.97,40.99,100,163.97
9/9/23,General Food,15,67,4.5,549.37,36.62,100,549.37
9/9/23,Meat/Fish,4,5,1.3,70.00,17.50,100,70.00
9/9/23,Misc.,1,1,1,15.00,15.00,100,15.00
9/9/23,Snacks,3,6,2,2.25,0.75,100,2.25
9/10/23,Clothes,1,1,1,40.00,40.00,100,40.00
9/10/23,Drinks,2,3,1.5,81.98,40.99,100,81.98
9/10/23,General Food,14,48,3.4,666.76,47.62,100,666.76
9/10/23,Meat/Fish,6,23,3.8,340.00,56.66,100,340.00
9/10/23,Snacks,1,3,3,3.00,3.00,100,3.00
9/11/23,Condiments,1,4,4,6.00,6.00,100,6.00
9/11/23,Drinks,4,10,2.5,96.00,24.00,100,96.00
9/11/23,General Food,9,48,5.3,1117.64,124.18,100,1117.64
9/11/23,Meat/Fish,5,8,1.6,140.00,28.00,88,120.00
9/11/23,Misc.,1,1,1,0.50,0.50,0,0.00
9/11/23,Pinless Recharge,1,1,1,5.00,5.00,0,0.00
9/12/23,Drinks,2,2,1,41.99,20.99,100,41.99
9/12/23,General Food,3,11,3.7,64.43,21.47,100,64.43
9/12/23,Meat/Fish,1,1,1,10.00,10.00,100,10.00
9/12/23,Pinless Recharge,1,1,1,10.00,10.00,0,0.00
9/13/23,Drinks,5,10,2,209.96,41.99,100,209.96
9/13/23,General Food,6,30,5,311.46,51.91,100,311.46
9/14/23,General Food,2,3,1.5,40.99,20.49,100,40.99
9/14/23,Meat/Fish,1,1,1,20.00,20.00,100,20.00
9/15/23,General Food,8,40,5,550.78,68.84,98,545.78
9/15/23,Meat/Fish,2,5,2.5,100.00,50.00,100,100.00
9/15/23,Pasta/Rice,1,1,1,10.00,10.00,100,10.00
9/15/23,Pinless Recharge,1,1,1,10.00,10.00,0,0.00
9/16/23,Cleaning&body,3,7,2.3,70.00,23.33,100,70.00
9/16/23,Drinks,2,2,1,79.98,39.99,100,79.98
9/16/23,General Food,19,100,5.3,1521.62,80.08,100,1521.62
9/16/23,Household,1,1,1,7.99,7.99,100,7.99
9/16/23,Meat/Fish,5,9,1.8,160.00,32.00,100,160.00
9/16/23,Pinless Recharge,1,1,1,10.00,10.00,0,0.00
9/17/23,Cleaning&body,2,3,1.5,18.00,9.00,100,18.00
9/17/23,Drinks,1,2,2,4.00,4.00,100,4.00
9/17/23,General Food,7,37,5.3,229.34,32.76,100,229.34
9/17/23,Household,1,3,3,31.97,31.97,100,31.97
9/17/23,Meat/Fish,3,6,2,90.00,30.00,100,90.00
9/17/23,Pinless Recharge,1,1,1,3.00,3.00,0,0.00
9/17/23,Snacks,1,4,4,2.00,2.00,100,2.00
9/18/23,Drinks,3,5,1.7,47.99,15.99,100,47.99
9/18/23,General Food,2,7,3.5,41.94,20.97,100,41.94
9/18/23,Meat/Fish,1,1,1,20.00,20.00,100,20.00
9/19/23,General Food,5,15,3,270.94,54.18,100,270.94
9/19/23,Meat/Fish,2,3,1.5,80.00,40.00,100,80.00
9/20/23,Drinks,4,6,1.5,163.97,40.99,100,163.97
9/20/23,General Food,6,28,4.7,435.44,72.57,100,435.44
9/20/23,Meat/Fish,1,1,1,20.00,20.00,100,20.00
9/21/23,Cleaning&body,1,1,1,8.00,8.00,100,8.00
9/21/23,Drinks,4,8,2,167.97,41.99,100,167.97
9/21/23,General Food,5,30,6,435.85,87.17,100,435.85
9/21/23,Meat/Fish,2,7,3.5,120.00,60.00,100,120.00
9/22/23,Cleaning&body,2,2,1,18.00,9.00,100,18.00
9/22/23,Drinks,3,8,2.7,167.97,55.99,100,167.97
9/22/23,General Food,8,36,4.5,469.80,58.72,100,469.80
9/22/23,Meat/Fish,4,5,1.3,90.00,22.50,100,90.00
9/23/23,Drinks,2,4,2,159.98,79.99,100,159.98
9/23/23,General Food,10,35,3.5,885.77,88.57,100,885.77
9/23/23,Meat/Fish,6,10,1.7,170.00,28.33,100,170.00
9/23/23,Pinless Recharge,1,1,1,10.00,10.00,0,0.00
9/25/23,Cleaning&body,1,1,1,8.00,8.00,100,8.00
9/25/23,Condiments,1,1,1,5.00,5.00,100,5.00
9/25/23,General Food,3,8,2.7,44.93,14.97,100,44.93
9/25/23,Meat/Fish,2,4,2,80.00,40.00,100,80.00
9/26/23,Cleaning&body,1,1,1,8.00,8.00,100,8.00
9/26/23,General Food,5,14,2.8,113.89,22.77,100,113.89
9/26/23,Household,1,1,1,7.99,7.99,100,7.99
9/26/23,Meat/Fish,3,3,1,60.00,20.00,100,60.00
9/27/23,Drinks,2,5,2.5,10.00,5.00,100,10.00
9/27/23,General Food,6,24,4,212.42,35.40,100,212.42
9/27/23,Meat/Fish,2,2,1,30.00,15.00,100,30.00
9/28/23,Drinks,1,1,1,39.99,39.99,100,39.99
9/28/23,General Food,5,33,6.6,328.76,65.75,100,328.76
9/28/23,Meat/Fish,1,2,2,40.00,40.00,100,40.00
9/28/23,Snacks,1,1,1,3.00,3.00,100,3.00
9/29/23,Drinks,1,2,2,80.00,80.00,100,80.00
9/29/23,General Food,2,12,6,127.99,63.99,100,127.99
9/29/23,Meat/Fish,2,6,3,110.00,55.00,100,110.00
9/30/23,General Food,3,6,2,106.98,35.66,100,106.98
10/1/23,General Food,5,16,3.2,280.70,56.14,100,280.70
10/1/23,Meat/Fish,1,2,2,40.00,40.00,100,40.00
10/2/23,Drinks,4,6,1.5,163.97,40.99,100,163.97
10/2/23,Frozen,1,2,2,10.00,10.00,0,0.00
10/2/23,General Food,12,107,8.9,1778.12,148.17,99,1768.12
10/2/23,Meat/Fish,4,4,1,60.00,15.00,100,60.00
10/2/23,Snacks,1,4,4,1.50,1.50,100,1.50
10/3/23,Drinks,2,2,1,42.00,21.00,100,42.00
10/3/23,General Food,14,94,6.7,1548.23,110.58,100,1548.23
10/3/23,Meat/Fish,3,5,1.7,100.00,33.33,100,100.00
10/3/23,Pinless Recharge,1,1,1,5.00,5.00,0,0.00
10/4/23,Drinks,4,4,1,121.97,30.49,100,121.97
10/4/23,General Food,15,71,4.7,1525.06,101.67,100,1525.06
10/4/23,Meat/Fish,5,7,1.4,120.00,24.00,100,120.00
10/4/23,Snacks,2,3,1.5,0.75,0.37,100,0.75
10/5/23,Drinks,2,3,1.5,43.99,21.99,100,43.99
10/5/23,General Food,9,31,3.4,1030.70,114.52,100,1030.70
10/5/23,Meat/Fish,2,3,1.5,80.00,40.00,100,80.00
10/6/23,Cleaning&body,1,2,2,10.00,10.00,100,10.00
10/6/23,Drinks,3,5,1.7,124.00,41.33,100,124.00
10/6/23,General Food,19,83,4.4,1349.84,71.04,100,1349.84
10/6/23,Meat/Fish,9,63,7,970.00,107.77,100,970.00
10/6/23,Pinless Recharge,1,1,1,11.00,11.00,0,0.00
10/7/23,Cleaning&body,2,2,1,18.00,9.00,100,18.00
10/7/23,Drinks,3,3,1,81.98,27.32,100,81.98
10/7/23,General Food,15,72,4.8,506.13,33.74,100,506.13
10/7/23,Meat/Fish,5,8,1.6,120.00,24.00,100,120.00
10/7/23,Pinless Recharge,1,1,1,5.00,5.00,0,0.00
10/8/23,Drinks,3,5,1.7,85.98,28.66,100,85.98
10/8/23,General Food,7,48,6.9,709.75,101.39,100,709.75
10/8/23,Meat/Fish,3,9,3,140.00,46.66,100,140.00
10/8/23,Snacks,1,3,3,0.75,0.75,100,0.75
10/9/23,Cleaning&body,3,7,2.3,85.00,28.33,86,77.00
10/9/23,Drinks,7,8,1.1,243.96,34.85,100,243.96
10/9/23,General Food,22,80,3.6,892.47,40.56,100,892.47
10/9/23,Meat/Fish,9,24,2.7,360.00,40.00,100,360.00
10/9/23,Pinless Recharge,1,1,1,10.00,10.00,0,0.00
10/9/23,Snacks,2,5,2.5,2.00,1.00,100,2.00
10/10/23,General Food,6,24,4,232.85,38.80,100,232.85
10/10/23,Meat/Fish,2,2,1,30.00,15.00,100,30.00
10/11/23,Cleaning&body,1,1,1,16.00,16.00,100,16.00
10/11/23,Drinks,6,6,1,201.99,33.66,100,201.99
10/11/23,General Food,18,110,6.1,1426.23,79.23,100,1426.23
10/11/23,Meat/Fish,4,4,1,60.00,15.00,100,60.00
10/11/23,Snacks,1,4,4,1.00,1.00,100,1.00
10/12/23,Cleaning&body,2,4,2,10.00,5.00,100,10.00
10/12/23,Drinks,7,12,1.7,441.94,63.13,100,441.94
10/12/23,General Food,15,78,5.2,2018.53,134.56,100,2018.53
10/12/23,Meat/Fish,6,12,2,190.00,31.66,100,190.00
10/12/23,Snacks,1,1,1,0.25,0.25,100,0.25
10/13/23,Drinks,3,4,1.3,121.99,40.66,100,121.99
10/13/23,Frozen,1,1,1,14.00,14.00,0,0.00
10/13/23,General Food,10,37,3.7,586.47,58.64,100,586.47
10/13/23,Meat/Fish,1,2,2,40.00,40.00,100,40.00
10/14/23,Cleaning&body,2,2,1,30.00,15.00,100,30.00
10/14/23,Drinks,2,5,2.5,10.00,5.00,100,10.00
10/14/23,General Food,14,65,4.6,873.16,62.36,100,873.16
10/14/23,Meat/Fish,2,4,2,60.00,30.00,100,60.00
10/14/23,Snacks,1,1,1,1.00,1.00,100,1.00
10/15/23,Cleaning&body,1,1,1,20.00,20.00,100,20.00
10/15/23,Drinks,1,1,1,39.99,39.99,100,39.99
10/15/23,General Food,6,30,5,1218.64,203.10,100,1218.64
10/15/23,Meat/Fish,1,2,2,60.00,60.00,100,60.00
10/16/23,General Food,1,3,3,11.97,11.97,100,11.97
10/17/23,Drinks,6,12,2,251.96,41.99,100,251.96
10/17/23,General Food,14,60,4.3,1312.05,93.71,100,1312.05
10/17/23,Meat/Fish,2,5,2.5,130.00,65.00,100,130.00
10/17/23,Snacks,1,4,4,1.00,1.00,100,1.00
10/18/23,Drinks,2,4,2,159.99,79.99,100,159.99
10/18/23,General Food,7,48,6.9,783.66,111.95,100,783.66
10/18/23,Meat/Fish,4,5,1.3,100.00,25.00,100,100.00
10/18/23,Pinless Recharge,1,1,1,10.00,10.00,0,0.00
10/18/23,Snacks,1,4,4,1.00,1.00,100,1.00
10/19/23,Drinks,1,1,1,39.99,39.99,100,39.99
10/19/23,General Food,4,39,9.8,779.56,194.89,100,779.56
10/19/23,Pinless Recharge,3,3,1,25.00,8.33,0,0.00
10/20/23,Drinks,1,2,2,80.00,80.00,100,80.00
10/20/23,General Food,6,23,3.8,877.66,146.27,100,877.66
10/20/23,Meat/Fish,1,1,1,20.00,20.00,100,20.00
10/20/23,Snacks,1,4,4,1.00,1.00,100,1.00
10/21/23,General Food,6,16,2.7,230.94,38.49,100,230.94
10/21/23,Meat/Fish,2,2,1,30.00,15.00,100,30.00
10/21/23,Pinless Recharge,1,1,1,5.00,5.00,0,0.00
10/22/23,Cleaning&body,1,2,2,23.00,23.00,100,23.00
10/22/23,Clothes,1,2,2,10.00,10.00,0,0.00
10/22/23,General Food,3,10,3.3,74.91,24.97,100,74.91
10/23/23,Cleaning&body,1,1,1,10.00,10.00,100,10.00
10/23/23,General Food,3,10,3.3,227.48,75.82,100,227.48
10/23/23,Pinless Recharge,1,1,1,5.00,5.00,0,0.00
10/24/23,General Food,10,31,3.1,805.18,80.51,100,805.18
10/24/23,Household,1,1,1,6.85,6.85,100,6.85
10/24/23,Meat/Fish,2,5,2.5,90.00,45.00,100,90.00
10/24/23,Pinless Recharge,1,1,1,15.00,15.00,0,0.00
10/25/23,Cleaning&body,1,1,1,10.00,10.00,100,10.00
10/25/23,Drinks,1,1,1,40.00,40.00,100,40.00
10/25/23,General Food,2,6,3,41.47,20.73,100,41.47
10/25/23,Meat/Fish,2,3,1.5,70.00,35.00,100,70.00
10/25/23,Snacks,1,1,1,3.00,3.00,100,3.00
10/26/23,Cleaning&body,1,1,1,16.00,16.00,100,16.00
10/26/23,Drinks,1,1,1,40.00,40.00,100,40.00
10/26/23,General Food,5,35,7,515.75,103.15,100,515.75
10/26/23,Meat/Fish,2,2,1,40.00,20.00,100,40.00
10/27/23,Cleaning&body,1,1,1,16.00,16.00,100,16.00
10/27/23,Drinks,2,3,1.5,6.00,3.00,100,6.00
10/27/23,General Food,7,24,3.4,662.79,94.68,100,662.79
10/27/23,Meat/Fish,1,1,1,20.00,20.00,100,20.00
10/27/23,Snacks,2,3,1.5,0.75,0.37,100,0.75
10/28/23,Cleaning&body,1,1,1,16.00,16.00,100,16.00
10/28/23,Drinks,2,4,2,8.00,4.00,100,8.00
10/28/23,General Food,7,18,2.6,161.89,23.12,100,161.89
10/28/23,Meat/Fish,1,1,1,10.00,10.00,100,10.00
10/28/23,Snacks,2,8,4,2.00,1.00,100,2.00
10/29/23,Cleaning&body,1,3,3,38.00,38.00,100,38.00
10/29/23,General Food,6,11,1.8,299.94,49.99,100,299.94
10/29/23,Meat/Fish,1,3,3,50.00,50.00,67,40.00
10/30/23,Cleaning&body,1,2,2,26.40,26.40,100,26.40
10/30/23,General Food,4,7,1.8,78.93,19.73,100,78.93
10/31/23,Clothes,1,1,1,40.00,40.00,100,40.00
10/31/23,General Food,3,25,8.3,132.86,44.28,100,132.86
10/31/23,Meat/Fish,1,2,2,40.00,40.00,100,40.00
10/31/23,Pinless Recharge,1,1,1,15.00,15.00,0,0.00
11/1/23,Cleaning&body,1,1,1,5.00,5.00,100,5.00
11/1/23,Clothes,2,76,38,3040.00,1520.00,100,3040.00
11/1/23,Drinks,2,11,5.5,57.00,28.50,100,57.00
11/1/23,General Food,13,43,3.3,440.89,33.91,100,440.89
11/1/23,Household,1,4,4,28.00,28.00,100,28.00
11/1/23,Meat/Fish,4,5,1.3,120.00,30.00,100,120.00
11/1/23,Snacks,1,10,10,5.00,5.00,100,5.00
11/2/23,Cleaning&body,1,2,2,23.00,23.00,100,23.00
11/2/23,Drinks,1,1,1,40.00,40.00,100,40.00
11/2/23,General Food,14,33,2.4,809.23,57.80,100,809.23
11/2/23,Meat/Fish,4,5,1.3,60.00,15.00,100,60.00
11/2/23,Pinless Recharge,1,1,1,10.00,10.00,0,0.00
11/2/23,Snacks,1,2,2,0.50,0.50,100,0.50
11/3/23,Cleaning&body,1,3,3,48.00,48.00,100,48.00
11/3/23,Frozen,1,4,4,60.00,60.00,50,15.00
11/3/23,General Food,14,36,2.6,1232.62,88.04,100,1232.62
11/3/23,Meat/Fish,2,2,1,40.00,20.00,100,40.00
11/3/23,Pinless Recharge,2,2,1,15.00,7.50,0,0.00
11/4/23,Cleaning&body,3,6,2,36.00,12.00,100,36.00
11/4/23,Drinks,2,13,6.5,77.00,38.50,100,77.00
11/4/23,Frozen,1,1,1,5.00,5.00,100,5.00
11/4/23,General Food,15,86,5.7,1059.25,70.61,100,1059.25
11/4/23,Meat/Fish,3,3,1,55.00,18.33,100,55.00
11/5/23,General Food,6,20,3.3,438.09,73.01,100,438.09
11/5/23,Meat/Fish,2,5,2.5,60.00,30.00,100,60.00
11/5/23,Snacks,1,6,6,3.00,3.00,100,3.00
11/6/23,Cleaning&body,1,1,1,25.00,25.00,100,25.00
11/6/23,General Food,7,22,3.1,169.33,24.19,100,169.33
11/6/23,Meat/Fish,1,2,2,30.00,30.00,100,30.00
11/7/23,Cleaning&body,2,2,1,4.00,2.00,100,4.00
11/7/23,Clothes,1,1,1,10.00,10.00,100,10.00
11/7/23,Drinks,3,8,2.7,150.99,50.33,100,150.99
11/7/23,General Food,24,142,5.9,2772.79,115.53,100,2772.79
11/7/23,Household,1,1,1,15.99,15.99,100,15.99
11/7/23,Meat/Fish,3,5,1.7,80.00,26.66,100,80.00
11/7/23,Snacks,1,1,1,0.25,0.25,100,0.25
11/8/23,General Food,13,55,4.2,543.45,41.80,100,543.45
11/8/23,Meat/Fish,1,1,1,20.00,20.00,100,20.00
11/9/23,Frozen,1,2,2,15.00,15.00,100,15.00
11/9/23,General Food,9,58,6.4,493.39,54.82,100,493.39
11/9/23,Household,1,1,1,15.99,15.99,100,15.99
11/9/23,Meat/Fish,1,2,2,20.00,20.00,100,20.00
11/9/23,Snacks,1,2,2,14.00,14.00,100,14.00
11/10/23,Cleaning&body,1,2,2,26.00,26.00,100,26.00
11/10/23,Drinks,2,3,1.5,50.99,25.49,100,50.99
11/10/23,General Food,18,81,4.5,987.56,54.86,100,987.56
11/10/23,Meat/Fish,6,9,1.5,170.00,28.33,100,170.00
11/10/23,Snacks,1,4,4,2.00,2.00,100,2.00