Date,Department,Baskets,Items,Avg_Items,Sales,Avg_Sale,Scan_Rate,Scan_Sales
11/18/20,General Food,2,2,1,15,7.5,50,5
11/18/20,Misc.,1,1,1,15,15,100,15
11/20/20,General Food,4,6,1.5,19.5,4.87,100,19.5
11/20/20,Misc.,1,1,1,15,15,100,15
11/22/20,General Food,6,35,5.8,253,42.16,100,253
11/22/20,Meat/Fish,3,12,4,160,53.33,100,160
11/23/20,General Food,1,4,4,20,20,100,20
11/23/20,Snacks,1,8,8,8,8,100,8
11/24/20,General Food,5,34,6.8,223,44.6,100,223
11/24/20,Meat/Fish,3,9,3,110,36.66,100,110
11/24/20,Snacks,1,1,1,0.25,0.25,100,0.25
11/25/20,Drinks,1,1,1,1.5,1.5,100,1.5
11/25/20,General Food,7,40,5.7,253.49,36.21,100,253.49
11/25/20,Meat/Fish,4,5,1.3,60,15,100,60
11/25/20,Snacks,1,1,1,2,2,100,2
11/26/20,General Food,4,19,4.8,161,40.25,100,161
11/26/20,Meat/Fish,1,1,1,10,10,100,10
11/27/20,Cleaning&body,1,1,1,5,5,100,5
11/27/20,Drinks,1,1,1,1,1,100,1
11/27/20,General Food,6,63,10.5,423.5,70.58,100,423.5
11/27/20,Meat/Fish,3,5,1.7,70,23.33,100,70
11/27/20,Snacks,3,11,3.7,2.15,0.71,100,2.15
11/28/20,Drinks,1,1,1,1.5,1.5,100,1.5
11/28/20,General Food,6,16,2.7,107.75,17.95,100,107.75
11/28/20,Snacks,2,6,3,7.5,3.75,100,7.5
11/29/20,General Food,2,10,5,56,28,100,56
11/30/20,General Food,1,7,7,52,52,100,52
12/1/20,Drinks,1,1,1,1.5,1.5,100,1.5
12/1/20,General Food,3,25,8.3,185,61.66,100,185
12/2/20,General Food,2,15,7.5,144,72,100,144
12/3/20,General Food,3,22,7.3,166,55.33,100,166
12/3/20,Meat/Fish,1,1,1,10,10,100,10
12/4/20,Drinks,1,5,5,7.5,7.5,100,7.5
12/4/20,General Food,3,50,16.7,519,173,100,519
12/5/20,General Food,6,27,4.5,150,25,100,150
12/6/20,General Food,5,36,7.2,259,51.8,100,259
12/6/20,Meat/Fish,2,3,1.5,40,20,100,40
12/7/20,General Food,3,23,7.7,206,68.66,100,206
12/7/20,Meat/Fish,2,2,1,30,15,100,30
12/7/20,Snacks,1,1,1,0.5,0.5,100,0.5
12/8/20,General Food,3,40,13.3,170.25,56.75,100,170.25
12/8/20,Meat/Fish,2,3,1.5,30,15,100,30
12/8/20,Snacks,1,3,3,1,1,100,1
12/9/20,General Food,2,38,19,180,90,100,180
12/9/20,Meat/Fish,1,1,1,20,20,100,20
12/10/20,Cleaning&body,1,1,1,5,5,100,5
12/10/20,Drinks,1,1,1,9,9,100,9
12/10/20,General Food,9,80,8.9,635,70.55,100,635
12/10/20,Meat/Fish,1,1,1,10,10,100,10
12/10/20,Misc.,1,1,1,15,15,100,15
12/10/20,Snacks,1,2,2,8,8,100,8
12/11/20,Cleaning&body,1,1,1,5,5,100,5
12/11/20,Drinks,2,9,4.5,13.5,6.75,100,13.5
12/11/20,General Food,5,76,15.2,556,111.2,100,556
12/11/20,Meat/Fish,1,4,4,50,50,100,50
12/11/20,Snacks,1,10,10,5,5,100,5
12/12/20,Drinks,1,3,3,4.5,4.5,100,4.5
12/12/20,General Food,5,58,11.6,732,146.4,100,732
12/12/20,Meat/Fish,3,5,1.7,70,23.33,100,70
12/12/20,Snacks,1,1,1,1,1,100,1
12/13/20,General Food,4,36,9,215.5,53.87,100,215.5
12/13/20,Meat/Fish,2,3,1.5,30,15,100,30
12/13/20,Snacks,1,1,1,0.5,0.5,100,0.5
12/14/20,General Food,2,26,13,171,85.5,100,171
12/15/20,Drinks,2,5,2.5,73,36.5,100,73
12/15/20,General Food,8,64,8,698,87.25,100,698
12/15/20,Meat/Fish,1,1,1,20,20,100,20
12/15/20,Snacks,1,4,4,2,2,100,2
12/16/20,General Food,11,56,5.1,574.5,52.22,100,574.5
12/16/20,Meat/Fish,1,2,2,30,30,100,30
12/16/20,Snacks,1,3,3,3.5,3.5,100,3.5
12/17/20,General Food,2,15,7.5,91,45.5,100,91
12/18/20,General Food,3,39,13,372,124,100,372
12/18/20,Meat/Fish,1,1,1,20,20,100,20
12/18/20,Snacks,1,1,1,0.25,0.25,100,0.25
12/19/20,General Food,1,3,3,5,5,100,5
12/20/20,General Food,4,42,10.5,567.5,141.87,100,567.5
12/20/20,Meat/Fish,1,2,2,20,20,100,20
12/20/20,Snacks,2,3,1.5,4.5,2.25,100,4.5
12/21/20,Cleaning&body,1,2,2,10,10,100,10
12/21/20,General Food,1,1,1,10,10,100,10
12/22/20,General Food,3,15,5,131.5,43.83,100,131.5
12/24/20,General Food,3,25,8.3,291.5,97.16,100,291.5
12/24/20,Meat/Fish,1,1,1,10,10,100,10
12/24/20,Snacks,2,3,1.5,1.5,0.75,100,1.5
12/25/20,General Food,1,21,21,109,109,100,109
12/25/20,Meat/Fish,1,3,3,30,30,100,30
12/26/20,Cleaning&body,1,3,3,20,20,100,20
12/26/20,General Food,1,11,11,90,90,100,90
12/28/20,Drinks,1,1,1,1,1,100,1
12/28/20,General Food,4,19,4.8,122,30.5,100,122
12/28/20,Meat/Fish,1,1,1,20,20,100,20
12/29/20,General Food,3,24,8,202,67.33,100,202
12/29/20,Snacks,1,2,2,0.75,0.75,100,0.75
12/30/20,General Food,1,2,2,4.5,4.5,100,4.5
12/31/20,General Food,2,6,3,32.74,16.37,100,32.74
1/1/21,General Food,1,1,1,7,7,100,7
1/2/21,Drinks,1,7,7,224,224,100,224
1/2/21,General Food,8,61,7.6,846.75,105.84,100,846.75
1/2/21,Meat/Fish,3,7,2.3,80,26.66,100,80
1/3/21,Drinks,1,12,12,29,29,100,29
1/3/21,General Food,5,9,1.8,86,17.2,100,86
1/3/21,Meat/Fish,1,1,1,20,20,100,20
1/4/21,Drinks,2,5,2.5,36.5,18.25,100,36.5
1/4/21,General Food,4,27,6.8,273,68.25,100,273
1/4/21,Meat/Fish,1,1,1,10,10,100,10
1/4/21,Snacks,1,3,3,1.5,1.5,100,1.5
1/5/21,General Food,2,20,10,142,71,100,142
1/5/21,Meat/Fish,1,2,2,26,26,100,26
1/6/21,Drinks,1,1,1,32,32,100,32
1/6/21,General Food,10,39,3.9,523.75,52.37,100,523.75
1/6/21,Meat/Fish,3,3,1,30,10,100,30
1/7/21,General Food,3,9,3,226,75.33,100,226
1/7/21,Meat/Fish,2,2,1,20,10,100,20
1/8/21,General Food,3,8,2.7,209,69.66,100,209
1/8/21,Meat/Fish,1,2,2,30,30,100,30
1/9/21,General Food,8,45,5.6,452.5,56.56,100,452.5
1/9/21,Meat/Fish,3,4,1.3,40,13.33,100,40
1/9/21,Snacks,1,4,4,6,6,100,6
1/10/21,Drinks,1,1,1,1.5,1.5,100,1.5
1/10/21,General Food,7,18,2.6,148,21.14,100,148
1/10/21,Meat/Fish,3,4,1.3,80,26.66,100,80
1/11/21,Drinks,1,3,3,3,3,100,3
1/11/21,General Food,3,10,3.3,49,16.33,100,49
1/11/21,Meat/Fish,2,2,1,20,10,100,20
1/12/21,General Food,2,5,2.5,25,12.5,100,25
1/13/21,Drinks,1,3,3,4.5,4.5,100,4.5
1/13/21,General Food,6,49,8.2,586,97.66,100,586
1/13/21,Meat/Fish,3,8,2.7,90,30,100,90
1/13/21,Snacks,1,1,1,0.5,0.5,100,0.5
1/14/21,General Food,6,16,2.7,125,20.83,100,125
1/14/21,Meat/Fish,4,7,1.8,100,25,100,100
1/15/21,General Food,2,12,6,70,35,100,70
1/16/21,General Food,3,7,2.3,33,11,100,33
1/16/21,Meat/Fish,2,2,1,30,15,100,30
1/17/21,Drinks,1,1,1,9,9,100,9
1/17/21,General Food,2,19,9.5,250,125,100,250
1/17/21,Snacks,2,16,8,8,4,100,8
1/18/21,General Food,2,13,6.5,91,45.5,100,91
1/18/21,Meat/Fish,1,3,3,50,50,100,50
1/20/21,General Food,2,15,7.5,109.5,54.75,100,109.5
1/20/21,Meat/Fish,1,1,1,10,10,100,10
1/21/21,General Food,7,25,3.6,154,22,100,154
1/21/21,Snacks,1,1,1,0.5,0.5,100,0.5
1/22/21,Drinks,1,1,1,1,1,100,1
1/22/21,General Food,6,40,6.7,293,48.83,100,293
1/22/21,Meat/Fish,2,3,1.5,40,20,100,40
1/22/21,Snacks,1,3,3,1.05,1.05,100,1.05
1/23/21,General Food,4,26,6.5,489,122.25,100,489
1/24/21,General Food,1,3,3,15,15,100,15
1/25/21,Drinks,1,2,2,64,64,100,64
1/25/21,General Food,2,16,8,251,125.5,100,251
1/25/21,Meat/Fish,1,1,1,10,10,100,10
1/25/21,Snacks,2,6,3,7.5,3.75,100,7.5
1/26/21,Drinks,1,1,1,32,32,100,32
1/26/21,General Food,3,7,2.3,88,29.33,100,88
1/26/21,Meat/Fish,1,1,1,20,20,100,20
1/27/21,General Food,1,2,2,12,12,100,12
1/27/21,Meat/Fish,1,1,1,10,10,100,10
1/29/21,Drinks,2,7,3.5,79,39.5,100,79
1/29/21,General Food,6,68,11.3,615,102.5,100,615
1/29/21,Meat/Fish,3,5,1.7,90,30,100,90
1/29/21,Snacks,1,1,1,0.34,0.34,100,0.34
1/30/21,General Food,3,52,17.3,539,179.66,100,539
1/30/21,Meat/Fish,1,2,2,30,30,100,30
1/31/21,General Food,2,6,3,356,178,100,356
2/1/21,Drinks,2,4,2,44,22,100,44
2/1/21,General Food,4,52,13,368,92,100,368
2/1/21,Meat/Fish,1,2,2,30,30,100,30
2/2/21,General Food,1,10,10,64,64,100,64
2/3/21,General Food,3,26,8.7,406,135.33,100,406
2/3/21,Meat/Fish,2,6,3,70,35,100,70
2/4/21,General Food,7,47,6.7,482.5,68.92,100,482.5
2/4/21,Meat/Fish,1,2,2,20,20,100,20
2/5/21,Drinks,1,1,1,33,33,100,33
2/5/21,General Food,6,41,6.8,407.5,67.91,100,407.5
2/5/21,Meat/Fish,2,2,1,35,17.5,100,35
2/5/21,Snacks,1,2,2,1,1,100,1
2/6/21,Drinks,2,3,1.5,67.5,33.75,100,67.5
2/6/21,General Food,9,51,5.7,686,76.22,100,686
2/6/21,Meat/Fish,2,2,1,30,15,100,30
2/6/21,Snacks,1,1,1,0.25,0.25,100,0.25
2/7/21,General Food,7,42,6,420,60,100,420
2/7/21,Meat/Fish,1,1,1,5,5,100,5
2/8/21,General Food,2,26,13,158.5,79.25,100,158.5
2/8/21,Meat/Fish,1,2,2,30,30,100,30
2/9/21,General Food,3,36,12,306,102,100,306
2/9/21,Snacks,3,8,2.7,4,1.33,100,4
2/10/21,General Food,2,14,7,79.5,39.75,100,79.5
2/11/21,Drinks,1,2,2,2,2,100,2
2/11/21,General Food,4,20,5,105.5,26.37,100,105.5
2/11/21,Meat/Fish,2,6,3,100,50,100,100
2/12/21,Drinks,1,4,4,36,36,100,36
2/12/21,General Food,8,53,6.6,596,74.5,100,596
2/12/21,Meat/Fish,3,5,1.7,100,33.33,100,100
2/12/21,Snacks,1,4,4,2,2,100,2
2/13/21,Drinks,1,4,4,4.5,4.5,100,4.5
2/13/21,General Food,4,21,5.3,183,45.75,100,183
2/13/21,Meat/Fish,4,10,2.5,190,47.5,100,190
2/13/21,Snacks,1,9,9,4.5,4.5,100,4.5
2/14/21,Drinks,1,1,1,1.5,1.5,100,1.5
2/14/21,General Food,2,9,4.5,264,132,100,264
2/15/21,General Food,3,45,15,432,144,100,432
2/15/21,Meat/Fish,3,5,1.7,90,30,100,90
2/15/21,Snacks,1,1,1,0.5,0.5,100,0.5
2/16/21,General Food,2,14,7,319.25,159.62,100,319.25
2/17/21,General Food,2,2,1,31,15.5,100,31
2/18/21,General Food,6,52,8.7,495.26,82.54,100,495.26
2/18/21,Meat/Fish,3,5,1.7,60,20,100,60
2/19/21,Drinks,2,2,1,2.5,1.25,100,2.5
2/19/21,General Food,2,7,3.5,80,40,100,80
2/20/21,General Food,2,7,3.5,64,32,100,64
2/22/21,Drinks,1,5,5,5,5,100,5
2/22/21,General Food,3,17,5.7,154,51.33,100,154
2/22/21,Meat/Fish,1,1,1,10,10,100,10
2/23/21,Drinks,2,6,3,6.75,3.37,100,6.75
2/23/21,General Food,5,46,9.2,438.51,87.7,100,438.51
2/23/21,Meat/Fish,1,2,2,40,40,100,40
2/23/21,Snacks,1,3,3,1.5,1.5,100,1.5
2/24/21,Drinks,1,2,2,18,18,100,18
2/24/21,General Food,5,61,12.2,975.76,195.15,100,975.76
2/25/21,Cleaning&body,1,2,2,18,18,100,18
2/25/21,General Food,3,12,4,72.5,24.16,100,72.5
2/25/21,Meat/Fish,1,1,1,10,10,100,10
2/25/21,Snacks,2,8,4,4,2,100,4
2/27/21,General Food,2,5,2.5,54,27,100,54
2/27/21,Meat/Fish,1,1,1,10,10,100,10
2/27/21,Snacks,1,1,1,0.5,0.5,100,0.5