Date,Department,Baskets,Items,Avg_Items,Sales,Avg_Sale,Scan_Rate,Scan_Sales
5/2/21,Drinks,3,10,3.3,48.25,16.08,100,48.25
5/2/21,General Food,11,87,7.9,980.08,89.09,100,980.08
5/2/21,Meat/Fish,1,1,1,10.00,10.00,100,10.00
5/2/21,Snacks,2,6,3,3.00,1.50,100,3.00
5/3/21,Drinks,2,4,2,37.50,18.75,100,37.50
5/3/21,General Food,4,38,9.5,279.75,69.93,100,279.75
5/3/21,Snacks,2,17,8.5,8.50,4.25,100,8.50
5/4/21,Cleaning&body,1,2,2,10.00,10.00,100,10.00
5/4/21,Drinks,5,12,2.4,44.50,8.90,100,44.50
5/4/21,General Food,5,46,9.2,514.06,102.81,100,514.06
5/4/21,Meat/Fish,1,1,1,20.00,20.00,100,20.00
5/4/21,Snacks,1,4,4,2.00,2.00,100,2.00
5/5/21,Drinks,2,5,2.5,6.00,3.00,100,6.00
5/5/21,General Food,9,63,7,546.22,60.69,100,546.22
5/5/21,Meat/Fish,4,5,1.3,70.00,17.50,100,70.00
5/5/21,Snacks,3,9,3,8.50,2.83,100,8.50
5/6/21,Cleaning&body,1,1,1,10.00,10.00,100,10.00
5/6/21,Drinks,2,6,3,40.00,20.00,100,40.00
5/6/21,General Food,7,48,6.9,606.24,86.60,100,606.24
5/6/21,Meat/Fish,4,8,2,120.00,30.00,100,120.00
5/6/21,Snacks,1,2,2,0.50,0.50,100,0.50
5/7/21,Cleaning&body,1,2,2,18.00,18.00,100,18.00
5/7/21,General Food,11,49,4.5,610.15,55.46,100,610.15
5/7/21,Meat/Fish,4,7,1.8,76.00,19.00,100,76.00
5/7/21,Snacks,2,9,4.5,4.25,2.12,100,4.25
5/8/21,Drinks,1,4,4,4.00,4.00,100,4.00
5/8/21,General Food,9,74,8.2,798.67,88.74,100,798.67
5/8/21,Meat/Fish,2,4,2,70.00,35.00,100,70.00
5/8/21,Snacks,1,1,1,0.50,0.50,100,0.50
5/9/21,Drinks,1,1,1,1.00,1.00,100,1.00
5/9/21,General Food,2,5,2.5,9.00,4.50,100,9.00
5/9/21,Service Fees,1,10,10,5.00,5.00,100,5.00
5/9/21,Snacks,1,2,2,1.00,1.00,100,1.00
5/10/21,Drinks,3,5,1.7,5.00,1.66,100,5.00
5/10/21,General Food,10,71,7.1,643.24,64.32,100,643.24
5/10/21,Meat/Fish,5,9,1.8,160.00,32.00,100,160.00
5/11/21,Drinks,1,1,1,1.50,1.50,100,1.50
5/11/21,General Food,3,24,8,155.23,51.74,100,155.23
5/11/21,Meat/Fish,1,1,1,20.00,20.00,100,20.00
5/12/21,Drinks,3,4,1.3,35.75,11.91,100,35.75
5/12/21,General Food,5,57,11.4,477.39,95.47,100,477.39
5/12/21,Meat/Fish,1,1,1,20.00,20.00,100,20.00
5/12/21,Snacks,1,4,4,2.00,2.00,100,2.00
5/13/21,Drinks,1,2,2,2.00,2.00,100,2.00
5/13/21,General Food,1,6,6,298.25,298.25,100,298.25
5/14/21,Cleaning&body,1,2,2,20.00,20.00,100,20.00
5/14/21,Clothes,1,1,1,22.00,22.00,100,22.00
5/14/21,Drinks,1,2,2,66.00,66.00,100,66.00
5/14/21,General Food,9,78,8.7,732.01,81.33,100,732.01
5/14/21,Meat/Fish,1,1,1,10.00,10.00,100,10.00
5/14/21,Snacks,2,6,3,2.25,1.12,100,2.25
5/15/21,General Food,7,40,5.7,452.55,64.65,100,452.55
5/15/21,Snacks,1,11,11,7.75,7.75,100,7.75
5/16/21,Drinks,2,4,2,4.25,2.12,100,4.25
5/16/21,General Food,9,60,6.7,721.34,80.14,100,721.34
5/16/21,Meat/Fish,3,3,1,40.00,13.33,100,40.00
5/16/21,Snacks,3,9,3,7.00,2.33,100,7.00
5/17/21,General Food,5,24,4.8,223.75,44.75,100,223.75
5/17/21,Meat/Fish,1,1,1,10.00,10.00,100,10.00
5/18/21,Drinks,1,2,2,34.00,34.00,100,34.00
5/18/21,General Food,4,28,7,226.24,56.56,100,226.24
5/18/21,Meat/Fish,1,1,1,20.00,20.00,100,20.00
5/18/21,Service Fees,2,0,0,0.04,0.02,0,0.00
5/19/21,Drinks,2,2,1,3.00,1.50,100,3.00
5/19/21,General Food,10,37,3.7,368.42,36.84,100,368.42
5/19/21,Meat/Fish,1,1,1,20.00,20.00,100,20.00
5/19/21,Misc.,1,1,1,4.00,4.00,100,4.00
5/19/21,Service Fees,14,0,0,2.90,0.20,0,0.00
5/19/21,Snacks,2,4,2,1.25,0.62,100,1.25
5/20/21,Drinks,2,7,3.5,9.00,4.50,100,9.00
5/20/21,General Food,5,37,7.4,306.74,61.34,100,306.74
5/20/21,Meat/Fish,3,4,1.3,70.00,23.33,100,70.00
5/20/21,Service Fees,7,0,0,6.98,0.99,0,0.00
5/20/21,Snacks,1,1,1,0.25,0.25,100,0.25
5/21/21,Cleaning&body,1,2,2,18.00,18.00,100,18.00
5/21/21,Drinks,1,2,2,2.50,2.50,100,2.50
5/21/21,General Food,5,34,6.8,404.00,80.80,100,404.00
5/21/21,Meat/Fish,1,2,2,40.00,40.00,100,40.00
5/21/21,Service Fees,6,0,0,0.72,0.12,0,0.00
5/22/21,Drinks,3,3,1,5.00,1.66,100,5.00
5/22/21,General Food,8,63,7.9,442.91,55.36,100,442.91
5/22/21,Meat/Fish,6,11,1.8,160.00,26.66,100,160.00
5/22/21,Service Fees,10,0,0,3.92,0.39,0,0.00
5/22/21,Snacks,4,7,1.8,2.25,0.56,100,2.25
5/23/21,General Food,6,15,2.5,127.99,21.33,100,127.99
5/23/21,Meat/Fish,3,9,3,90.00,30.00,100,90.00
5/23/21,Service Fees,8,0,0,5.60,0.70,0,0.00
5/23/21,Snacks,1,4,4,2.00,2.00,100,2.00
5/24/21,Drinks,2,4,2,36.00,18.00,100,36.00
5/24/21,General Food,5,43,8.6,665.86,133.17,100,665.86
5/24/21,Meat/Fish,1,1,1,20.00,20.00,100,20.00
5/24/21,Service Fees,5,0,0,0.00,0.00,0,0.00
5/25/21,Cleaning&body,1,1,1,8.00,8.00,100,8.00
5/25/21,Clothes,1,1,1,38.00,38.00,100,38.00
5/25/21,Drinks,1,2,2,66.00,66.00,100,66.00
5/25/21,General Food,3,34,11.3,478.24,159.41,100,478.24
5/25/21,Service Fees,5,0,0,1.84,0.36,0,0.00
5/26/21,Drinks,1,4,4,4.00,4.00,100,4.00
5/26/21,General Food,3,10,3.3,58.00,19.33,100,58.00
5/26/21,Service Fees,3,0,0,1.44,0.48,0,0.00
5/27/21,Cleaning&body,3,3,1,36.00,12.00,100,36.00
5/27/21,Drinks,4,13,3.3,77.00,19.25,100,77.00
5/27/21,General Food,13,81,6.2,622.50,47.88,100,622.50
5/27/21,Meat/Fish,4,8,2,150.00,37.50,100,150.00
5/27/21,Service Fees,14,0,0,9.81,0.70,0,0.00
5/28/21,Cleaning&body,1,9,9,60.00,60.00,100,60.00
5/28/21,Drinks,2,5,2.5,4.50,2.25,100,4.50
5/28/21,General Food,12,76,6.3,893.64,74.47,100,893.64
5/28/21,Meat/Fish,3,6,2,90.00,30.00,100,90.00
5/28/21,Service Fees,12,0,0,8.80,0.73,0,0.00
5/28/21,Snacks,2,5,2.5,2.50,1.25,100,2.50
5/29/21,General Food,4,14,3.5,140.65,35.16,100,140.65
5/29/21,Meat/Fish,3,7,2.3,100.00,33.33,100,100.00
5/29/21,Service Fees,5,0,0,7.63,1.52,0,0.00
5/29/21,Snacks,1,2,2,1.00,1.00,100,1.00
5/30/21,Clothes,1,1,1,30.00,30.00,100,30.00
5/30/21,Drinks,3,3,1,43.50,14.50,100,43.50
5/30/21,General Food,3,11,3.7,89.50,29.83,100,89.50
5/30/21,Meat/Fish,1,1,1,10.00,10.00,100,10.00
5/30/21,Service Fees,7,0,0,4.12,0.58,0,0.00
5/31/21,Clothes,1,1,1,10.00,10.00,100,10.00
5/31/21,Drinks,1,2,2,2.00,2.00,100,2.00
5/31/21,General Food,5,50,10,411.69,82.33,100,411.69
5/31/21,Meat/Fish,1,1,1,20.00,20.00,100,20.00
5/31/21,Service Fees,5,0,0,3.83,0.76,0,0.00
5/31/21,Snacks,1,6,6,3.00,3.00,100,3.00
6/1/21,Drinks,2,5,2.5,13.00,6.50,100,13.00
6/1/21,General Food,3,31,10.3,186.40,62.13,100,186.40
6/1/21,Meat/Fish,1,1,1,20.00,20.00,100,20.00
6/1/21,Service Fees,3,0,0,1.80,0.60,0,0.00
6/1/21,Snacks,2,6,3,3.00,1.50,100,3.00
6/2/21,Cleaning&body,1,1,1,10.00,10.00,100,10.00
6/2/21,Drinks,3,7,2.3,10.50,3.50,100,10.50
6/2/21,General Food,15,153,10.2,1256.77,83.78,100,1256.77
6/2/21,Meat/Fish,3,3,1,50.00,16.66,100,50.00
6/2/21,Service Fees,16,0,0,4.34,0.27,0,0.00
6/2/21,Snacks,2,10,5,5.98,2.99,100,5.98
6/3/21,Drinks,1,1,1,1.00,1.00,100,1.00
6/3/21,General Food,4,42,10.5,356.55,89.13,100,356.55
6/3/21,Meat/Fish,2,5,2.5,50.00,25.00,100,50.00
6/3/21,Service Fees,4,0,0,4.41,1.10,0,0.00
6/4/21,General Food,3,59,19.7,274.25,91.41,100,274.25
6/4/21,Meat/Fish,1,1,1,20.00,20.00,100,20.00
6/4/21,Service Fees,3,0,0,0.00,0.00,0,0.00
6/5/21,Cleaning&body,1,1,1,5.00,5.00,100,5.00
6/5/21,General Food,4,8,2,43.09,10.77,100,43.09
6/5/21,Service Fees,6,0,0,0.83,0.13,0,0.00
6/5/21,Snacks,1,1,1,0.75,0.75,100,0.75
6/6/21,Drinks,2,4,2,4.25,2.12,100,4.25
6/6/21,General Food,6,20,3.3,134.47,22.41,100,134.47
6/6/21,Meat/Fish,2,13,6.5,130.00,65.00,100,130.00
6/6/21,Service Fees,7,0,0,2.54,0.36,0,0.00
6/7/21,Cleaning&body,4,13,3.3,128.00,32.00,100,128.00
6/7/21,Drinks,7,15,2.1,122.75,17.53,100,122.75
6/7/21,General Food,12,123,10.3,813.49,67.79,100,813.49
6/7/21,Meat/Fish,2,2,1,30.00,15.00,100,30.00
6/7/21,Misc.,1,1,1,15.00,15.00,100,15.00
6/7/21,Service Fees,15,0,0,5.83,0.38,0,0.00
6/7/21,Snacks,3,5,1.7,6.50,2.16,100,6.50
6/8/21,General Food,4,26,6.5,461.91,115.47,100,461.91
6/8/21,Service Fees,4,0,0,0.00,0.00,0,0.00
6/9/21,Drinks,4,18,4.5,97.50,24.37,100,97.50
6/9/21,General Food,10,78,7.8,869.55,86.95,100,869.55
6/9/21,Meat/Fish,2,2,1,30.00,15.00,100,30.00
6/9/21,Service Fees,12,0,0,0.64,0.05,0,0.00
6/9/21,Snacks,4,12,3,15.75,3.93,100,15.75
6/10/21,Drinks,3,14,4.7,57.00,19.00,100,57.00
6/10/21,General Food,6,83,13.8,706.56,117.76,100,706.56
6/10/21,Meat/Fish,4,7,1.8,100.00,25.00,100,100.00
6/10/21,Service Fees,7,0,0,1.48,0.21,0,0.00
6/10/21,Snacks,2,6,3,9.00,4.50,100,9.00
6/11/21,Drinks,5,14,2.8,28.50,5.70,100,28.50
6/11/21,General Food,9,24,2.7,236.00,26.22,100,236.00
6/11/21,Meat/Fish,3,7,2.3,70.00,23.33,100,70.00
6/11/21,Service Fees,13,0,0,5.38,0.41,0,0.00
6/11/21,Snacks,4,29,7.3,19.50,4.87,100,19.50
6/12/21,Drinks,2,5,2.5,9.00,4.50,100,9.00
6/12/21,General Food,8,76,9.5,903.80,112.97,100,903.80
6/12/21,Service Fees,9,0,0,0.68,0.07,0,0.00
6/12/21,Snacks,2,7,3.5,7.75,3.87,100,7.75
6/13/21,Drinks,1,2,2,2.00,2.00,100,2.00
6/13/21,General Food,5,47,9.4,462.36,92.47,100,462.36
6/13/21,Service Fees,6,0,0,0.15,0.02,0,0.00
6/13/21,Snacks,2,6,3,7.00,3.50,100,7.00
6/14/21,Drinks,2,4,2,36.00,18.00,100,36.00
6/14/21,General Food,10,132,13.2,1397.26,139.72,100,1397.26
6/14/21,Meat/Fish,3,4,1.3,50.00,16.66,100,50.00
6/14/21,Service Fees,10,0,0,0.00,0.00,0,0.00
6/14/21,Snacks,2,4,2,5.00,2.50,100,5.00
6/15/21,Drinks,2,3,1.5,4.50,2.25,100,4.50
6/15/21,General Food,4,30,7.5,165.90,41.47,100,165.90
6/15/21,Service Fees,5,0,0,0.70,0.14,0,0.00
6/15/21,Snacks,2,6,3,3.00,1.50,100,3.00
6/16/21,Drinks,2,11,5.5,16.75,8.37,100,16.75
6/16/21,General Food,5,9,1.8,104.75,20.95,100,104.75
6/16/21,Service Fees,5,0,0,1.76,0.35,0,0.00
6/16/21,Snacks,1,6,6,11.00,11.00,100,11.00
6/17/21,Cleaning&body,2,15,7.5,59.75,29.87,100,59.75
6/17/21,Drinks,4,26,6.5,114.25,28.56,100,114.25
6/17/21,General Food,4,82,20.5,605.78,151.44,100,605.78
6/17/21,Meat/Fish,1,1,1,10.00,10.00,100,10.00
6/17/21,Service Fees,6,0,0,0.37,0.06,0,0.00
6/17/21,Snacks,3,59,19.7,50.56,16.85,100,50.56
6/18/21,General Food,4,21,5.3,394.76,98.69,100,394.76
6/18/21,Meat/Fish,1,1,1,10.00,10.00,100,10.00
6/18/21,Service Fees,4,0,0,4.09,1.02,0,0.00
6/19/21,Cleaning&body,2,3,1.5,28.00,14.00,100,28.00
6/19/21,General Food,2,2,1,43.00,21.50,100,43.00
6/19/21,Service Fees,2,0,0,2.84,1.42,0,0.00
6/20/21,Cleaning&body,1,1,1,2.00,2.00,100,2.00
6/20/21,General Food,2,13,6.5,298.24,149.12,100,298.24
6/20/21,Service Fees,2,0,0,5.92,2.96,0,0.00
6/20/21,Snacks,1,7,7,11.00,11.00,100,11.00
6/21/21,General Food,3,18,6,88.25,29.41,100,88.25
6/21/21,Meat/Fish,1,2,2,20.00,20.00,100,20.00
6/21/21,Service Fees,3,0,0,1.13,0.37,0,0.00
6/22/21,Cleaning&body,1,2,2,36.00,36.00,100,36.00
6/22/21,Drinks,3,10,3.3,11.50,3.83,100,11.50
6/22/21,General Food,6,110,18.3,888.31,148.05,100,888.31
6/22/21,Meat/Fish,2,4,2,60.00,30.00,100,60.00
6/22/21,Service Fees,8,0,0,1.98,0.24,0,0.00
6/22/21,Snacks,2,11,5.5,13.00,6.50,100,13.00
6/23/21,General Food,1,2,2,10.44,10.44,100,10.44
6/23/21,Service Fees,3,0,0,0.42,0.14,0,0.00
6/23/21,Snacks,2,3,1.5,1.50,0.75,100,1.50
6/24/21,General Food,5,45,9,256.57,51.31,100,256.57
6/24/21,Meat/Fish,4,11,2.8,200.00,50.00,100,200.00
6/24/21,Service Fees,6,0,0,1.84,0.30,0,0.00
6/24/21,Snacks,1,1,1,0.50,0.50,100,0.50
6/25/21,General Food,8,33,4.1,219.14,27.39,100,219.14
6/25/21,Meat/Fish,6,11,1.8,150.00,25.00,100,150.00
6/25/21,Service Fees,11,0,0,6.15,0.55,0,0.00
6/25/21,Snacks,1,1,1,0.50,0.50,100,0.50
6/26/21,Drinks,1,1,1,1.50,1.50,100,1.50
6/26/21,General Food,4,22,5.5,119.84,29.96,100,119.84
6/26/21,Meat/Fish,4,10,2.5,150.00,37.50,100,150.00
6/26/21,Service Fees,7,0,0,7.72,1.10,0,0.00
6/26/21,Snacks,1,1,1,0.25,0.25,100,0.25
6/27/21,Cleaning&body,1,2,2,10.00,10.00,100,10.00
6/27/21,Drinks,6,15,2.5,81.00,13.50,100,81.00
6/27/21,General Food,6,56,9.3,504.88,84.14,100,504.88
6/27/21,Meat/Fish,3,5,1.7,80.00,26.66,100,80.00
6/27/21,Service Fees,10,0,0,0.34,0.03,0,0.00
6/27/21,Snacks,5,6,1.2,4.00,0.80,100,4.00
6/28/21,Drinks,5,7,1.4,72.75,14.55,100,72.75
6/28/21,General Food,10,81,8.1,743.05,74.30,100,743.05
6/28/21,Meat/Fish,3,5,1.7,90.00,30.00,100,90.00
6/28/21,Service Fees,11,0,0,1.92,0.17,0,0.00
6/28/21,Snacks,3,5,1.7,3.50,1.16,100,3.50
6/30/21,Cleaning&body,1,3,3,3.75,3.75,100,3.75
6/30/21,Drinks,2,7,3.5,8.00,4.00,100,8.00
6/30/21,General Food,11,118,10.7,930.78,84.61,100,930.78
6/30/21,Meat/Fish,2,2,1,40.00,20.00,100,40.00
6/30/21,Service Fees,16,0,0,2.34,0.14,0,0.00
6/30/21,Snacks,8,13,1.6,5.50,0.68,100,5.50
7/1/21,Clothes,1,1,1,20.00,20.00,100,20.00
7/1/21,General Food,1,2,2,20.00,20.00,100,20.00
7/1/21,Service Fees,2,0,0,0.80,0.40,0,0.00
7/2/21,Drinks,3,3,1,82.00,27.33,100,82.00
7/2/21,General Food,4,83,20.8,876.01,219.00,100,876.01
7/2/21,Meat/Fish,3,8,2.7,130.00,43.33,100,130.00
7/2/21,Service Fees,6,0,0,3.60,0.60,0,0.00
7/2/21,Snacks,2,5,2.5,7.50,3.75,100,7.50
7/3/21,Cleaning&body,1,1,1,2.00,2.00,100,2.00
7/3/21,Drinks,1,1,1,2.00,2.00,100,2.00
7/3/21,General Food,4,53,13.3,733.42,183.35,100,733.42
7/3/21,Meat/Fish,1,1,1,20.00,20.00,100,20.00
7/3/21,Service Fees,4,0,0,6.62,1.65,0,0.00
7/4/21,Drinks,1,1,1,1.00,1.00,100,1.00
7/4/21,General Food,2,12,6,90.99,45.49,100,90.99
7/4/21,Meat/Fish,1,2,2,20.00,20.00,100,20.00
7/4/21,Service Fees,3,0,0,1.68,0.56,0,0.00
7/5/21,Drinks,3,8,2.7,48.50,16.16,100,48.50
7/5/21,General Food,8,31,3.9,496.49,62.06,100,496.49
7/5/21,Meat/Fish,1,1,1,10.00,10.00,100,10.00
7/5/21,Service Fees,8,0,0,1.62,0.20,0,0.00
7/5/21,Snacks,2,4,2,2.50,1.25,100,2.50
7/6/21,Drinks,5,10,2,91.00,18.20,100,91.00
7/6/21,General Food,8,100,12.5,830.14,103.76,100,830.14
7/6/21,Meat/Fish,1,2,2,20.00,20.00,100,20.00
7/6/21,Service Fees,9,0,0,0.48,0.05,0,0.00
7/6/21,Snacks,6,37,6.2,22.25,3.70,100,22.25
7/7/21,General Food,11,81,7.4,945.06,85.91,100,945.06
7/7/21,Meat/Fish,4,6,1.5,90.00,22.50,100,90.00
7/7/21,Service Fees,11,0,0,0.92,0.08,0,0.00
7/7/21,Snacks,1,1,1,1.00,1.00,100,1.00
7/8/21,Drinks,1,4,4,6.00,6.00,100,6.00
7/8/21,General Food,6,45,7.5,329.00,54.83,100,329.00
7/8/21,Meat/Fish,2,4,2,60.00,30.00,100,60.00
7/8/21,Service Fees,7,0,0,2.32,0.33,0,0.00
7/8/21,Snacks,2,2,1,1.50,0.75,100,1.50
7/9/21,Drinks,1,1,1,1.00,1.00,100,1.00
7/9/21,General Food,10,55,5.5,817.75,81.77,100,817.75
7/9/21,Meat/Fish,2,3,1.5,30.00,15.00,100,30.00
7/9/21,Service Fees,11,0,0,8.16,0.74,0,0.00
7/9/21,Snacks,1,6,6,4.50,4.50,100,4.50
7/10/21,Drinks,2,2,1,34.50,17.25,100,34.50
7/10/21,General Food,10,57,5.7,611.50,61.15,100,611.50
7/10/21,Meat/Fish,2,2,1,30.00,15.00,100,30.00
7/10/21,Service Fees,10,0,0,1.64,0.16,0,0.00
7/10/21,Snacks,2,17,8.5,10.50,5.25,100,10.50
7/11/21,Cleaning&body,1,1,1,8.00,8.00,100,8.00
7/11/21,Drinks,1,1,1,1.00,1.00,100,1.00
7/11/21,General Food,5,64,12.8,566.05,113.21,100,566.05
7/11/21,Meat/Fish,1,2,2,20.00,20.00,100,20.00
7/11/21,Service Fees,5,0,0,1.20,0.24,0,0.00
7/11/21,Snacks,2,17,8.5,14.00,7.00,100,14.00
7/12/21,Drinks,2,2,1,2.50,1.25,100,2.50
7/12/21,General Food,3,21,7,219.99,73.33,100,219.99
7/12/21,Meat/Fish,1,1,1,20.00,20.00,100,20.00
7/12/21,Service Fees,4,0,0,0.20,0.05,0,0.00
7/12/21,Snacks,1,5,5,3.50,3.50,100,3.50
7/13/21,Drinks,1,2,2,10.00,10.00,100,10.00
7/13/21,General Food,2,13,6.5,106.89,53.44,100,106.89
7/13/21,Service Fees,2,0,0,0.00,0.00,0,0.00
7/14/21,Condiments,1,1,1,3.00,3.00,100,3.00
7/14/21,Drinks,5,27,5.4,162.00,32.40,100,162.00
7/14/21,General Food,12,84,7,641.19,53.43,100,641.19
7/14/21,Meat/Fish,1,1,1,20.00,20.00,100,20.00
7/14/21,Service Fees,16,0,0,3.18,0.19,0,0.00
7/14/21,Snacks,1,3,3,1.50,1.50,100,1.50
7/15/21,Cleaning&body,1,1,1,30.00,30.00,100,30.00
7/15/21,Drinks,1,3,3,3.50,3.50,100,3.50
7/15/21,General Food,6,38,6.3,382.48,63.74,100,382.48
7/15/21,Meat/Fish,2,2,1,20.00,10.00,100,20.00
7/15/21,Service Fees,9,0,0,2.98,0.33,0,0.00
7/15/21,Snacks,2,3,1.5,3.50,1.75,100,3.50
7/16/21,Drinks,1,1,1,1.25,1.25,100,1.25
7/16/21,General Food,5,26,5.2,206.37,41.27,100,206.37
7/16/21,Meat/Fish,3,5,1.7,80.00,26.66,100,80.00
7/16/21,Service Fees,7,0,0,7.46,1.06,0,0.00
7/17/21,Cleaning&body,1,1,1,8.00,8.00,100,8.00
7/17/21,Clothes,1,1,1,87.00,87.00,100,87.00
7/17/21,Drinks,3,3,1,67.00,22.33,100,67.00
7/17/21,General Food,6,56,9.3,555.19,92.53,100,555.19
7/17/21,Service Fees,8,0,0,3.48,0.43,0,0.00
7/17/21,Snacks,3,8,2.7,11.00,3.66,100,11.00
7/18/21,Clothes,1,3,3,30.00,30.00,100,30.00
7/18/21,Drinks,5,13,2.6,49.00,9.80,100,49.00
7/18/21,General Food,11,85,7.7,631.24,57.38,100,631.24
7/18/21,Meat/Fish,5,9,1.8,110.00,22.00,100,110.00
7/18/21,Service Fees,11,0,0,12.36,1.12,0,0.00
7/18/21,Snacks,1,1,1,0.25,0.25,100,0.25
7/19/21,General Food,3,21,7,178.75,59.58,100,178.75
7/19/21,Service Fees,3,0,0,3.13,1.04,0,0.00
7/20/21,Drinks,2,3,1.5,4.75,2.37,100,4.75
7/20/21,General Food,5,27,5.4,449.22,89.84,100,449.22
7/20/21,Service Fees,6,0,0,3.40,0.56,0,0.00
7/21/21,Drinks,4,14,3.5,49.25,12.31,100,49.25
7/21/21,General Food,7,116,16.6,1601.26,228.75,100,1601.26
7/21/21,Meat/Fish,2,2,1,30.00,15.00,100,30.00
7/21/21,Service Fees,8,0,0,0.00,0.00,0,0.00
7/21/21,Snacks,2,8,4,7.50,3.75,100,7.50
7/22/21,General Food,4,22,5.5,197.21,49.30,100,197.21
7/22/21,Meat/Fish,1,2,2,20.00,20.00,100,20.00
7/22/21,Service Fees,4,0,0,3.20,0.80,0,0.00
7/23/21,General Food,3,34,11.3,286.16,95.38,100,286.16
7/23/21,Service Fees,3,0,0,0.21,0.07,0,0.00
7/24/21,Cleaning&body,1,2,2,10.00,10.00,100,10.00
7/24/21,Drinks,1,5,5,10.00,10.00,100,10.00
7/24/21,General Food,8,66,8.3,780.19,97.52,100,780.19
7/24/21,Meat/Fish,1,1,1,20.00,20.00,100,20.00
7/24/21,Service Fees,9,0,0,8.86,0.98,0,0.00
7/25/21,Drinks,2,5,2.5,72.00,36.00,100,72.00
7/25/21,General Food,7,40,5.7,413.47,59.06,100,413.47
7/25/21,Meat/Fish,2,3,1.5,50.00,25.00,100,50.00
7/25/21,Service Fees,8,0,0,5.20,0.65,0,0.00
7/26/21,Drinks,2,2,1,66.00,33.00,100,66.00
7/26/21,General Food,4,25,6.3,397.75,99.43,100,397.75
7/26/21,Meat/Fish,1,2,2,20.00,20.00,100,20.00
7/26/21,Service Fees,5,0,0,4.20,0.84,0,0.00
7/26/21,Snacks,1,6,6,4.50,4.50,100,4.50
7/27/21,General Food,6,47,7.8,365.43,60.90,100,365.43
7/27/21,Meat/Fish,1,1,1,10.00,10.00,100,10.00
7/27/21,Service Fees,6,0,0,3.53,0.58,0,0.00
7/27/21,Snacks,1,2,2,1.00,1.00,100,1.00
7/28/21,Drinks,2,5,2.5,7.50,3.75,100,7.50
7/28/21,General Food,6,89,14.8,573.93,95.65,100,573.93
7/28/21,Meat/Fish,2,3,1.5,39.50,19.75,100,39.50
7/28/21,Service Fees,6,0,0,3.73,0.62,0,0.00
7/28/21,Snacks,1,4,4,2.00,2.00,100,2.00
7/29/21,Cleaning&body,1,1,1,5.00,5.00,100,5.00
7/29/21,General Food,3,15,5,70.99,23.66,100,70.99
7/29/21,Service Fees,4,0,0,0.20,0.05,0,0.00
7/30/21,Drinks,1,1,1,33.00,33.00,100,33.00
7/30/21,General Food,1,15,15,302.74,302.74,100,302.74
7/30/21,Meat/Fish,1,1,1,20.00,20.00,100,20.00
7/30/21,Service Fees,2,0,0,0.00,0.00,0,0.00
7/31/21,Drinks,1,1,1,31.00,31.00,100,31.00
7/31/21,General Food,7,96,13.7,682.82,97.54,100,682.82
7/31/21,Meat/Fish,2,4,2,40.00,20.00,100,40.00
7/31/21,Service Fees,8,0,0,2.88,0.36,0,0.00
8/1/21,General Food,3,56,18.7,183.12,61.04,100,183.12
8/1/21,Meat/Fish,2,3,1.5,30.00,15.00,100,30.00
8/1/21,Service Fees,3,0,0,1.52,0.50,0,0.00
8/1/21,Snacks,1,4,4,6.00,6.00,100,6.00
8/2/21,Drinks,4,10,2.5,43.25,10.81,100,43.25
8/2/21,General Food,12,116,9.7,871.14,72.59,100,871.14
8/2/21,Meat/Fish,3,5,1.7,90.00,30.00,100,90.00
8/2/21,Service Fees,13,0,0,2.59,0.19,0,0.00
8/2/21,Snacks,4,22,5.5,19.00,4.75,100,19.00
8/3/21,Drinks,1,19,19,47.50,47.50,100,47.50
8/3/21,General Food,6,94,15.7,906.21,151.03,100,906.21
8/3/21,Meat/Fish,4,5,1.3,60.00,15.00,100,60.00
8/3/21,Service Fees,9,0,0,0.80,0.08,0,0.00
8/3/21,Snacks,3,5,1.7,4.75,1.58,100,4.75
8/4/21,Cleaning&body,1,1,1,5.00,5.00,100,5.00
8/4/21,General Food,3,23,7.7,92.42,30.80,100,92.42
8/4/21,Service Fees,4,0,0,1.57,0.39,0,0.00
8/4/21,Snacks,1,1,1,0.99,0.99,100,0.99
8/5/21,Drinks,4,9,2.3,42.50,10.62,100,42.50
8/5/21,General Food,16,124,7.8,1574.61,98.41,100,1574.61
8/5/21,Meat/Fish,3,3,1,35.00,11.66,100,35.00
8/5/21,Service Fees,16,0,0,2.21,0.13,0,0.00
8/5/21,Snacks,3,4,1.3,3.50,1.16,100,3.50
8/6/21,Cleaning&body,1,5,5,24.00,24.00,100,24.00
8/6/21,Drinks,2,7,3.5,11.00,5.50,100,11.00
8/6/21,General Food,6,34,5.7,472.40,78.73,100,472.40
8/6/21,Meat/Fish,2,5,2.5,60.00,30.00,100,60.00
8/6/21,Service Fees,7,0,0,1.11,0.15,0,0.00
8/7/21,General Food,6,32,5.3,553.65,92.27,100,553.65
8/7/21,Meat/Fish,1,4,4,80.00,80.00,100,80.00
8/7/21,Service Fees,7,0,0,0.57,0.08,0,0.00
8/7/21,Snacks,1,1,1,0.50,0.50,100,0.50
8/8/21,Cleaning&body,1,1,1,8.00,8.00,100,8.00
8/8/21,General Food,6,62,10.3,716.75,119.45,100,716.75
8/8/21,Meat/Fish,2,3,1.5,40.00,20.00,100,40.00
8/8/21,Service Fees,6,0,0,0.00,0.00,0,0.00
8/8/21,Snacks,2,5,2.5,2.30,1.15,100,2.30
8/9/21,General Food,5,32,6.4,332.96,66.59,100,332.96
8/9/21,Service Fees,5,0,0,0.00,0.00,0,0.00
8/9/21,Snacks,1,1,1,0.50,0.50,100,0.50
8/10/21,General Food,6,23,3.8,299.96,49.99,100,299.96
8/10/21,Service Fees,6,0,0,5.04,0.84,0,0.00
8/11/21,Drinks,7,27,3.9,95.75,13.67,100,95.75
8/11/21,General Food,6,51,8.5,415.53,69.25,100,415.53
8/11/21,Meat/Fish,3,4,1.3,60.00,20.00,100,60.00
8/11/21,Service Fees,10,0,0,1.85,0.18,0,0.00
8/11/21,Snacks,2,3,1.5,3.50,1.75,100,3.50
8/12/21,Drinks,2,2,1,3.00,1.50,100,3.00
8/12/21,General Food,5,31,6.2,253.99,50.79,100,253.99
8/12/21,Meat/Fish,1,2,2,20.00,20.00,100,20.00
8/12/21,Service Fees,6,0,0,2.04,0.34,0,0.00
8/12/21,Snacks,1,2,2,0.50,0.50,100,0.50
8/13/21,Drinks,1,1,1,8.00,8.00,100,8.00
8/13/21,General Food,3,29,9.7,162.39,54.13,100,162.39
8/13/21,Service Fees,3,0,0,1.32,0.44,0,0.00
8/13/21,Snacks,1,1,1,3.00,3.00,100,3.00
8/14/21,Drinks,1,1,1,1.50,1.50,100,1.50
8/14/21,General Food,3,5,1.7,36.22,12.07,100,36.22
8/14/21,Meat/Fish,2,5,2.5,50.00,25.00,100,50.00
8/14/21,Service Fees,4,0,0,1.07,0.26,0,0.00
8/15/21,Drinks,1,2,2,9.00,9.00,100,9.00
8/15/21,General Food,6,33,5.5,581.80,96.96,100,581.80
8/15/21,Service Fees,6,0,0,0.84,0.14,0,0.00
8/15/21,Snacks,3,4,1.3,1.25,0.41,100,1.25
8/16/21,Drinks,1,1,1,8.00,8.00,100,8.00
8/16/21,General Food,4,54,13.5,238.30,59.57,100,238.30
8/16/21,Service Fees,4,0,0,0.00,0.00,0,0.00
8/16/21,Snacks,1,1,1,0.25,0.25,100,0.25
8/17/21,General Food,3,10,3.3,317.00,105.66,100,317.00
8/17/21,Meat/Fish,1,3,3,50.00,50.00,100,50.00
8/17/21,Service Fees,4,0,0,3.84,0.96,0,0.00
8/18/21,General Food,2,14,7,70.53,35.26,100,70.53
8/18/21,Meat/Fish,2,3,1.5,40.00,20.00,100,40.00
8/18/21,Service Fees,2,0,0,2.82,1.41,0,0.00
8/19/21,Cleaning&body,2,4,2,29.00,14.50,100,29.00
8/19/21,Drinks,2,7,3.5,24.75,12.37,100,24.75
8/19/21,General Food,6,64,10.7,637.21,106.20,100,637.21
8/19/21,Service Fees,6,0,0,5.42,0.90,0,0.00
8/19/21,Snacks,1,2,2,2.00,2.00,100,2.00
8/20/21,Cleaning&body,2,2,1,17.00,8.50,100,17.00
8/20/21,General Food,13,96,7.4,960.59,73.89,100,960.59
8/20/21,Meat/Fish,1,1,1,20.00,20.00,100,20.00
8/20/21,Service Fees,13,0,0,1.47,0.11,0,0.00
8/20/21,Snacks,2,2,1,0.50,0.25,100,0.50
8/21/21,Drinks,1,4,4,6.00,6.00,100,6.00
8/21/21,General Food,8,44,5.5,213.14,26.64,100,213.14
8/21/21,Service Fees,9,0,0,3.72,0.41,0,0.00
8/21/21,Snacks,1,1,1,0.25,0.25,100,0.25
8/22/21,Cleaning&body,3,7,2.3,34.00,11.33,100,34.00
8/22/21,General Food,8,83,10.4,768.76,96.09,100,768.76
8/22/21,Meat/Fish,2,3,1.5,30.00,15.00,100,30.00
8/22/21,Service Fees,10,0,0,1.72,0.17,0,0.00
8/22/21,Snacks,1,10,10,5.00,5.00,100,5.00
8/23/21,Cleaning&body,2,2,1,43.00,21.50,100,43.00
8/23/21,Drinks,1,2,2,2.50,2.50,100,2.50
8/23/21,General Food,2,9,4.5,36.50,18.25,100,36.50
8/23/21,Service Fees,5,0,0,0.62,0.12,0,0.00
8/24/21,Cleaning&body,1,1,1,8.00,8.00,100,8.00
8/24/21,Drinks,2,3,1.5,4.00,2.00,100,4.00
8/24/21,General Food,4,19,4.8,62.49,15.62,100,62.49
8/24/21,Meat/Fish,2,5,2.5,70.00,35.00,100,70.00
8/24/21,Service Fees,5,0,0,1.88,0.37,0,0.00
8/25/21,Drinks,2,2,1,66.00,33.00,100,66.00
8/25/21,General Food,4,19,4.8,569.97,142.49,100,569.97
8/25/21,Meat/Fish,3,6,2,80.00,26.66,100,80.00
8/25/21,Service Fees,5,0,0,1.28,0.25,0,0.00
8/25/21,Snacks,1,4,4,2.00,2.00,100,2.00
8/26/21,Cleaning&body,2,3,1.5,18.00,9.00,100,18.00
8/26/21,Drinks,1,3,3,3.00,3.00,100,3.00
8/26/21,General Food,9,79,8.8,583.22,64.80,100,583.22
8/26/21,Meat/Fish,2,8,4,140.00,70.00,100,140.00
8/26/21,Service Fees,13,0,0,5.98,0.46,0,0.00
8/26/21,Snacks,5,11,2.2,8.95,1.79,100,8.95
8/27/21,Cleaning&body,2,2,1,9.25,4.62,100,9.25
8/27/21,Clothes,1,1,1,5.00,5.00,100,5.00
8/27/21,Drinks,1,2,2,1.50,1.50,100,1.50
8/27/21,General Food,12,82,6.8,624.90,52.07,100,624.90
8/27/21,Meat/Fish,4,8,2,140.00,35.00,100,140.00
8/27/21,Service Fees,14,0,0,7.63,0.54,0,0.00
8/27/21,Snacks,2,10,5,12.00,6.00,100,12.00
8/28/21,Cleaning&body,1,4,4,120.00,120.00,100,120.00
8/28/21,Drinks,8,24,3,172.50,21.56,100,172.50
8/28/21,General Food,16,269,16.8,2768.25,173.01,100,2768.25
8/28/21,Meat/Fish,2,2,1,40.00,20.00,100,40.00
8/28/21,Service Fees,19,0,0,7.64,0.40,0,0.00
8/28/21,Snacks,6,20,3.3,32.75,5.45,100,32.75
8/29/21,Condiments,1,1,1,3.00,3.00,100,3.00
8/29/21,General Food,9,65,7.2,1040.33,115.59,100,1040.33
8/29/21,Meat/Fish,1,1,1,10.00,10.00,100,10.00
8/29/21,Service Fees,10,0,0,0.50,0.05,0,0.00
8/29/21,Snacks,1,1,1,2.50,2.50,100,2.50
8/30/21,Drinks,2,2,1,66.00,33.00,100,66.00
8/30/21,General Food,15,164,10.9,2735.15,182.34,100,2735.15
8/30/21,Meat/Fish,2,4,2,60.00,30.00,100,60.00
8/30/21,Pinless Recharge,2,2,1,15.00,7.50,0,0.00
8/30/21,Service Fees,18,0,0,1.52,0.08,0,0.00
8/30/21,Snacks,3,3,1,2.00,0.66,100,2.00