Date,Department,Baskets,Items,Avg_Items,Sales,Avg_Sale,Scan_Rate,Scan_Sales
11/18/20,General Food,2,2,1,15,7.5,50,5
11/18/20,Misc.,1,1,1,15,15,100,15
11/20/20,General Food,4,6,1.5,19.5,4.87,100,19.5
11/20/20,Misc.,1,1,1,15,15,100,15
11/22/20,General Food,6,35,5.8,253,42.16,100,253
11/22/20,Meat/Fish,3,12,4,160,53.33,100,160
11/23/20,General Food,1,4,4,20,20,100,20
11/23/20,Snacks,1,8,8,8,8,100,8
11/24/20,General Food,5,34,6.8,223,44.6,100,223
11/24/20,Meat/Fish,3,9,3,110,36.66,100,110
11/24/20,Snacks,1,1,1,0.25,0.25,100,0.25
11/25/20,Drinks,1,1,1,1.5,1.5,100,1.5
11/25/20,General Food,7,40,5.7,253.49,36.21,100,253.49
11/25/20,Meat/Fish,4,5,1.3,60,15,100,60
11/25/20,Snacks,1,1,1,2,2,100,2
11/26/20,General Food,4,19,4.8,161,40.25,100,161
11/26/20,Meat/Fish,1,1,1,10,10,100,10
11/27/20,Cleaning&body,1,1,1,5,5,100,5
11/27/20,Drinks,1,1,1,1,1,100,1
11/27/20,General Food,6,63,10.5,423.5,70.58,100,423.5
11/27/20,Meat/Fish,3,5,1.7,70,23.33,100,70
11/27/20,Snacks,3,11,3.7,2.15,0.71,100,2.15
11/28/20,Drinks,1,1,1,1.5,1.5,100,1.5
11/28/20,General Food,6,16,2.7,107.75,17.95,100,107.75
11/28/20,Snacks,2,6,3,7.5,3.75,100,7.5
11/29/20,General Food,2,10,5,56,28,100,56
11/30/20,General Food,1,7,7,52,52,100,52
12/1/20,Drinks,1,1,1,1.5,1.5,100,1.5
12/1/20,General Food,3,25,8.3,185,61.66,100,185
12/2/20,General Food,2,15,7.5,144,72,100,144
12/3/20,General Food,3,22,7.3,166,55.33,100,166
12/3/20,Meat/Fish,1,1,1,10,10,100,10
12/4/20,Drinks,1,5,5,7.5,7.5,100,7.5
12/4/20,General Food,3,50,16.7,519,173,100,519
12/5/20,General Food,6,27,4.5,150,25,100,150
12/6/20,General Food,5,36,7.2,259,51.8,100,259
12/6/20,Meat/Fish,2,3,1.5,40,20,100,40
12/7/20,General Food,3,23,7.7,206,68.66,100,206
12/7/20,Meat/Fish,2,2,1,30,15,100,30
12/7/20,Snacks,1,1,1,0.5,0.5,100,0.5
12/8/20,General Food,3,40,13.3,170.25,56.75,100,170.25
12/8/20,Meat/Fish,2,3,1.5,30,15,100,30
12/8/20,Snacks,1,3,3,1,1,100,1
12/9/20,General Food,2,38,19,180,90,100,180
12/9/20,Meat/Fish,1,1,1,20,20,100,20
12/10/20,Cleaning&body,1,1,1,5,5,100,5
12/10/20,Drinks,1,1,1,9,9,100,9
12/10/20,General Food,9,80,8.9,635,70.55,100,635
12/10/20,Meat/Fish,1,1,1,10,10,100,10
12/10/20,Misc.,1,1,1,15,15,100,15
12/10/20,Snacks,1,2,2,8,8,100,8
12/11/20,Cleaning&body,1,1,1,5,5,100,5
12/11/20,Drinks,2,9,4.5,13.5,6.75,100,13.5
12/11/20,General Food,5,76,15.2,556,111.2,100,556
12/11/20,Meat/Fish,1,4,4,50,50,100,50
12/11/20,Snacks,1,10,10,5,5,100,5
12/12/20,Drinks,1,3,3,4.5,4.5,100,4.5
12/12/20,General Food,5,58,11.6,732,146.4,100,732
12/12/20,Meat/Fish,3,5,1.7,70,23.33,100,70
12/12/20,Snacks,1,1,1,1,1,100,1
12/13/20,General Food,4,36,9,215.5,53.87,100,215.5
12/13/20,Meat/Fish,2,3,1.5,30,15,100,30
12/13/20,Snacks,1,1,1,0.5,0.5,100,0.5
12/14/20,General Food,2,26,13,171,85.5,100,171
12/15/20,Drinks,2,5,2.5,73,36.5,100,73
12/15/20,General Food,8,64,8,698,87.25,100,698
12/15/20,Meat/Fish,1,1,1,20,20,100,20
12/15/20,Snacks,1,4,4,2,2,100,2
12/16/20,General Food,11,56,5.1,574.5,52.22,100,574.5
12/16/20,Meat/Fish,1,2,2,30,30,100,30
12/16/20,Snacks,1,3,3,3.5,3.5,100,3.5
12/17/20,General Food,2,15,7.5,91,45.5,100,91
12/18/20,General Food,3,39,13,372,124,100,372
12/18/20,Meat/Fish,1,1,1,20,20,100,20
12/18/20,Snacks,1,1,1,0.25,0.25,100,0.25
12/19/20,General Food,1,3,3,5,5,100,5
12/20/20,General Food,4,42,10.5,567.5,141.87,100,567.5
12/20/20,Meat/Fish,1,2,2,20,20,100,20
12/20/20,Snacks,2,3,1.5,4.5,2.25,100,4.5
12/21/20,Cleaning&body,1,2,2,10,10,100,10
12/21/20,General Food,1,1,1,10,10,100,10
12/22/20,General Food,3,15,5,131.5,43.83,100,131.5
12/24/20,General Food,3,25,8.3,291.5,97.16,100,291.5
12/24/20,Meat/Fish,1,1,1,10,10,100,10
12/24/20,Snacks,2,3,1.5,1.5,0.75,100,1.5
12/25/20,General Food,1,21,21,109,109,100,109
12/25/20,Meat/Fish,1,3,3,30,30,100,30
12/26/20,Cleaning&body,1,3,3,20,20,100,20
12/26/20,General Food,1,11,11,90,90,100,90
12/28/20,Drinks,1,1,1,1,1,100,1
12/28/20,General Food,4,19,4.8,122,30.5,100,122
12/28/20,Meat/Fish,1,1,1,20,20,100,20
12/29/20,General Food,3,24,8,202,67.33,100,202
12/29/20,Snacks,1,2,2,0.75,0.75,100,0.75
12/30/20,General Food,1,2,2,4.5,4.5,100,4.5
12/31/20,General Food,2,6,3,32.74,16.37,100,32.74
1/1/21,General Food,1,1,1,7,7,100,7
1/2/21,Drinks,1,7,7,224,224,100,224
1/2/21,General Food,8,61,7.6,846.75,105.84,100,846.75
1/2/21,Meat/Fish,3,7,2.3,80,26.66,100,80
1/3/21,Drinks,1,12,12,29,29,100,29
1/3/21,General Food,5,9,1.8,86,17.2,100,86
1/3/21,Meat/Fish,1,1,1,20,20,100,20
1/4/21,Drinks,2,5,2.5,36.5,18.25,100,36.5
1/4/21,General Food,4,27,6.8,273,68.25,100,273
1/4/21,Meat/Fish,1,1,1,10,10,100,10
1/4/21,Snacks,1,3,3,1.5,1.5,100,1.5
1/5/21,General Food,2,20,10,142,71,100,142
1/5/21,Meat/Fish,1,2,2,26,26,100,26
1/6/21,Drinks,1,1,1,32,32,100,32
1/6/21,General Food,10,39,3.9,523.75,52.37,100,523.75
1/6/21,Meat/Fish,3,3,1,30,10,100,30
1/7/21,General Food,3,9,3,226,75.33,100,226
1/7/21,Meat/Fish,2,2,1,20,10,100,20
1/8/21,General Food,3,8,2.7,209,69.66,100,209
1/8/21,Meat/Fish,1,2,2,30,30,100,30
1/9/21,General Food,8,45,5.6,452.5,56.56,100,452.5
1/9/21,Meat/Fish,3,4,1.3,40,13.33,100,40
1/9/21,Snacks,1,4,4,6,6,100,6
1/10/21,Drinks,1,1,1,1.5,1.5,100,1.5
1/10/21,General Food,7,18,2.6,148,21.14,100,148
1/10/21,Meat/Fish,3,4,1.3,80,26.66,100,80
1/11/21,Drinks,1,3,3,3,3,100,3
1/11/21,General Food,3,10,3.3,49,16.33,100,49
1/11/21,Meat/Fish,2,2,1,20,10,100,20
1/12/21,General Food,2,5,2.5,25,12.5,100,25
1/13/21,Drinks,1,3,3,4.5,4.5,100,4.5
1/13/21,General Food,6,49,8.2,586,97.66,100,586
1/13/21,Meat/Fish,3,8,2.7,90,30,100,90
1/13/21,Snacks,1,1,1,0.5,0.5,100,0.5
1/14/21,General Food,6,16,2.7,125,20.83,100,125
1/14/21,Meat/Fish,4,7,1.8,100,25,100,100
1/15/21,General Food,2,12,6,70,35,100,70
1/16/21,General Food,3,7,2.3,33,11,100,33
1/16/21,Meat/Fish,2,2,1,30,15,100,30
1/17/21,Drinks,1,1,1,9,9,100,9
1/17/21,General Food,2,19,9.5,250,125,100,250
1/17/21,Snacks,2,16,8,8,4,100,8
1/18/21,General Food,2,13,6.5,91,45.5,100,91
1/18/21,Meat/Fish,1,3,3,50,50,100,50
1/20/21,General Food,2,15,7.5,109.5,54.75,100,109.5
1/20/21,Meat/Fish,1,1,1,10,10,100,10
1/21/21,General Food,7,25,3.6,154,22,100,154
1/21/21,Snacks,1,1,1,0.5,0.5,100,0.5
1/22/21,Drinks,1,1,1,1,1,100,1
1/22/21,General Food,6,40,6.7,293,48.83,100,293
1/22/21,Meat/Fish,2,3,1.5,40,20,100,40
1/22/21,Snacks,1,3,3,1.05,1.05,100,1.05
1/23/21,General Food,4,26,6.5,489,122.25,100,489
1/24/21,General Food,1,3,3,15,15,100,15
1/25/21,Drinks,1,2,2,64,64,100,64
1/25/21,General Food,2,16,8,251,125.5,100,251
1/25/21,Meat/Fish,1,1,1,10,10,100,10
1/25/21,Snacks,2,6,3,7.5,3.75,100,7.5
1/26/21,Drinks,1,1,1,32,32,100,32
1/26/21,General Food,3,7,2.3,88,29.33,100,88
1/26/21,Meat/Fish,1,1,1,20,20,100,20
1/27/21,General Food,1,2,2,12,12,100,12
1/27/21,Meat/Fish,1,1,1,10,10,100,10
1/29/21,Drinks,2,7,3.5,79,39.5,100,79
1/29/21,General Food,6,68,11.3,615,102.5,100,615
1/29/21,Meat/Fish,3,5,1.7,90,30,100,90
1/29/21,Snacks,1,1,1,0.34,0.34,100,0.34
1/30/21,General Food,3,52,17.3,539,179.66,100,539
1/30/21,Meat/Fish,1,2,2,30,30,100,30
1/31/21,General Food,2,6,3,356,178,100,356
2/1/21,Drinks,2,4,2,44,22,100,44
2/1/21,General Food,4,52,13,368,92,100,368
2/1/21,Meat/Fish,1,2,2,30,30,100,30
2/2/21,General Food,1,10,10,64,64,100,64
2/3/21,General Food,3,26,8.7,406,135.33,100,406
2/3/21,Meat/Fish,2,6,3,70,35,100,70
2/4/21,General Food,7,47,6.7,482.5,68.92,100,482.5
2/4/21,Meat/Fish,1,2,2,20,20,100,20
2/5/21,Drinks,1,1,1,33,33,100,33
2/5/21,General Food,6,41,6.8,407.5,67.91,100,407.5
2/5/21,Meat/Fish,2,2,1,35,17.5,100,35
2/5/21,Snacks,1,2,2,1,1,100,1
2/6/21,Drinks,2,3,1.5,67.5,33.75,100,67.5
2/6/21,General Food,9,51,5.7,686,76.22,100,686
2/6/21,Meat/Fish,2,2,1,30,15,100,30
2/6/21,Snacks,1,1,1,0.25,0.25,100,0.25
2/7/21,General Food,7,42,6,420,60,100,420
2/7/21,Meat/Fish,1,1,1,5,5,100,5
2/8/21,General Food,2,26,13,158.5,79.25,100,158.5
2/8/21,Meat/Fish,1,2,2,30,30,100,30
2/9/21,General Food,3,36,12,306,102,100,306
2/9/21,Snacks,3,8,2.7,4,1.33,100,4
2/10/21,General Food,2,14,7,79.5,39.75,100,79.5
2/11/21,Drinks,1,2,2,2,2,100,2
2/11/21,General Food,4,20,5,105.5,26.37,100,105.5
2/11/21,Meat/Fish,2,6,3,100,50,100,100
2/12/21,Drinks,1,4,4,36,36,100,36
2/12/21,General Food,8,53,6.6,596,74.5,100,596
2/12/21,Meat/Fish,3,5,1.7,100,33.33,100,100
2/12/21,Snacks,1,4,4,2,2,100,2
2/13/21,Drinks,1,4,4,4.5,4.5,100,4.5
2/13/21,General Food,4,21,5.3,183,45.75,100,183
2/13/21,Meat/Fish,4,10,2.5,190,47.5,100,190
2/13/21,Snacks,1,9,9,4.5,4.5,100,4.5
2/14/21,Drinks,1,1,1,1.5,1.5,100,1.5
2/14/21,General Food,2,9,4.5,264,132,100,264
2/15/21,General Food,3,45,15,432,144,100,432
2/15/21,Meat/Fish,3,5,1.7,90,30,100,90
2/15/21,Snacks,1,1,1,0.5,0.5,100,0.5
2/16/21,General Food,2,14,7,319.25,159.62,100,319.25
2/17/21,General Food,2,2,1,31,15.5,100,31
2/18/21,General Food,6,52,8.7,495.26,82.54,100,495.26
2/18/21,Meat/Fish,3,5,1.7,60,20,100,60
2/19/21,Drinks,2,2,1,2.5,1.25,100,2.5
2/19/21,General Food,2,7,3.5,80,40,100,80
2/20/21,General Food,2,7,3.5,64,32,100,64
2/22/21,Drinks,1,5,5,5,5,100,5
2/22/21,General Food,3,17,5.7,154,51.33,100,154
2/22/21,Meat/Fish,1,1,1,10,10,100,10
2/23/21,Drinks,2,6,3,6.75,3.37,100,6.75
2/23/21,General Food,5,46,9.2,438.51,87.7,100,438.51
2/23/21,Meat/Fish,1,2,2,40,40,100,40
2/23/21,Snacks,1,3,3,1.5,1.5,100,1.5
2/24/21,Drinks,1,2,2,18,18,100,18
2/24/21,General Food,5,61,12.2,975.76,195.15,100,975.76
2/25/21,Cleaning&body,1,2,2,18,18,100,18
2/25/21,General Food,3,12,4,72.5,24.16,100,72.5
2/25/21,Meat/Fish,1,1,1,10,10,100,10
2/25/21,Snacks,2,8,4,4,2,100,4
2/27/21,General Food,2,5,2.5,54,27,100,54
2/27/21,Meat/Fish,1,1,1,10,10,100,10
2/27/21,Snacks,1,1,1,0.5,0.5,100,0.5
2/28/21,Drinks,1,3,3,3,3,100,3
2/28/21,General Food,1,20,20,237,237,100,237
2/28/21,Meat/Fish,1,1,1,10,10,100,10
2/28/21,Snacks,1,1,1,0.5,0.5,100,0.5
3/1/21,Drinks,1,2,2,2,2,100,2
3/1/21,General Food,2,27,13.5,329.49,164.74,100,329.49
3/1/21,Meat/Fish,1,1,1,20,20,100,20
3/2/21,Drinks,1,10,10,22.5,22.5,100,22.5
3/2/21,General Food,7,51,7.3,453.99,64.85,100,453.99
3/2/21,Meat/Fish,3,4,1.3,80,26.66,100,80
3/2/21,Snacks,1,9,9,4.5,4.5,100,4.5
3/3/21,Drinks,1,4,4,4.25,4.25,100,4.25
3/3/21,General Food,1,5,5,24,24,100,24
3/4/21,General Food,1,3,3,30,30,100,30
3/5/21,General Food,7,25,3.6,325.02,46.43,100,325.02
3/5/21,Meat/Fish,2,4,2,60,30,100,60
3/5/21,Snacks,1,2,2,1,1,100,1
3/6/21,Drinks,1,1,1,33,33,100,33
3/6/21,General Food,6,48,8,448.72,74.78,100,448.72
3/7/21,General Food,3,19,6.3,173.75,57.91,100,173.75
3/8/21,Drinks,2,13,6.5,80,40,100,80
3/8/21,General Food,3,37,12.3,271.5,90.5,100,271.5
3/8/21,Meat/Fish,1,1,1,20,20,100,20
3/8/21,Snacks,2,15,7.5,6,3,100,6
3/9/21,General Food,4,14,3.5,151.99,37.99,100,151.99
3/10/21,General Food,6,39,6.5,394.99,65.83,100,394.99
3/10/21,Meat/Fish,2,2,1,30,15,100,30
3/11/21,General Food,2,10,5,155.24,77.62,100,155.24
3/11/21,Meat/Fish,1,4,4,80,80,100,80
3/12/21,Drinks,1,5,5,10,10,100,10
3/12/21,General Food,2,21,10.5,60,30,100,60
3/12/21,Snacks,1,1,1,0.25,0.25,100,0.25
3/13/21,General Food,5,33,6.6,293.22,58.64,100,293.22
3/13/21,Meat/Fish,3,5,1.7,50,16.66,100,50
3/13/21,Snacks,1,1,1,1,1,100,1
3/14/21,General Food,1,1,1,6,6,100,6
3/15/21,General Food,3,23,7.7,205.5,68.5,100,205.5
3/15/21,Meat/Fish,1,1,1,10,10,100,10
3/16/21,General Food,2,6,3,124,62,100,124
3/17/21,Drinks,1,2,2,66,66,100,66
3/17/21,General Food,7,64,9.1,594.45,84.92,100,594.45
3/17/21,Meat/Fish,1,1,1,20,20,100,20
3/17/21,Snacks,1,2,2,0.75,0.75,100,0.75
3/18/21,Drinks,1,1,1,33,33,100,33
3/18/21,General Food,4,53,13.3,407.25,101.81,100,407.25
3/18/21,Meat/Fish,3,3,1,40,13.33,100,40
3/19/21,Drinks,1,1,1,33,33,100,33
3/19/21,General Food,4,65,16.3,453.2,113.3,100,453.2
3/19/21,Meat/Fish,1,3,3,30,30,100,30
3/20/21,General Food,1,3,3,9,9,100,9
3/21/21,General Food,1,18,18,131,131,100,131
3/22/21,Drinks,1,2,2,1.75,1.75,100,1.75
3/22/21,General Food,3,34,11.3,250.58,83.52,100,250.58
3/22/21,Snacks,1,2,2,1,1,100,1
3/24/21,General Food,3,30,10,127.9,42.63,100,127.9
3/24/21,Pasta/Rice,1,2,2,10.65,10.65,100,10.65
3/25/21,Drinks,1,7,7,39,39,100,39
3/25/21,General Food,2,39,19.5,333.55,166.77,100,333.55
3/25/21,Meat/Fish,1,1,1,20,20,100,20
3/26/21,General Food,5,34,6.8,207.5,41.5,100,207.5
3/26/21,Meat/Fish,1,1,1,20,20,100,20
3/26/21,Snacks,2,2,1,1,0.5,100,1
3/27/21,General Food,2,12,6,99.99,49.99,100,99.99
3/28/21,General Food,1,2,2,35,35,100,35
3/29/21,General Food,1,17,17,210.98,210.98,100,210.98
3/29/21,Meat/Fish,1,1,1,20,20,100,20
3/30/21,Drinks,1,1,1,1.5,1.5,100,1.5
3/30/21,General Food,2,5,2.5,54,27,100,54
3/31/21,Drinks,1,6,6,38,38,100,38
3/31/21,General Food,2,19,9.5,202.24,101.12,100,202.24
3/31/21,Meat/Fish,1,2,2,40,40,100,40
4/1/21,General Food,2,15,7.5,279.59,139.79,100,279.59
4/1/21,Meat/Fish,1,2,2,30,30,100,30
4/2/21,Drinks,1,11,11,54.25,54.25,100,54.25
4/2/21,General Food,4,52,13,594.11,148.52,100,594.11
4/2/21,Meat/Fish,2,2,1,40,20,100,40
4/2/21,Snacks,2,26,13,9.75,4.87,100,9.75
4/3/21,General Food,6,36,6,305.99,50.99,100,305.99
4/3/21,Meat/Fish,2,3,1.5,30,15,100,30
4/4/21,Drinks,2,2,1,34.5,17.25,100,34.5
4/4/21,General Food,14,84,6,810.78,57.91,100,810.78
4/4/21,Meat/Fish,2,4,2,64,32,100,64
4/4/21,Snacks,3,26,8.7,20,6.66,100,20
4/5/21,General Food,4,7,1.8,225.99,56.49,100,225.99
4/5/21,Snacks,1,1,1,1,1,100,1
4/6/21,General Food,5,35,7,540.48,108.09,100,540.48
4/6/21,Meat/Fish,1,4,4,60,60,100,60
4/7/21,Drinks,1,4,4,4,4,100,4
4/7/21,General Food,5,14,2.8,97.5,19.5,100,97.5
4/7/21,Meat/Fish,2,2,1,30,15,100,30
4/8/21,Drinks,2,3,1.5,4,2,100,4
4/8/21,General Food,5,28,5.6,335.58,67.11,100,335.58
4/8/21,Meat/Fish,1,15,15,150,150,100,150
4/8/21,Snacks,1,8,8,4,4,100,4
4/9/21,General Food,8,38,4.8,626.22,78.27,100,626.22
4/9/21,Meat/Fish,3,5,1.7,90,30,100,90
4/10/21,Drinks,1,66,66,99,99,100,99
4/10/21,General Food,11,59,5.4,388.47,35.31,100,388.47
4/10/21,Meat/Fish,3,4,1.3,70,23.33,100,70
4/11/21,Calling Card,2,10,5,20,10,100,20
4/11/21,General Food,8,38,4.8,474.23,59.27,100,474.23
4/11/21,Meat/Fish,2,4,2,70,35,100,70
4/11/21,Snacks,1,1,1,0.25,0.25,100,0.25
4/12/21,Drinks,3,9,3,10,3.33,100,10
4/12/21,General Food,3,30,10,209.59,69.86,100,209.59
4/12/21,Meat/Fish,2,4,2,70,35,100,70
4/13/21,Drinks,1,6,6,12,12,100,12
4/13/21,General Food,7,123,17.6,1173.14,167.59,100,1173.14
4/13/21,Meat/Fish,2,6,3,70,35,100,70
4/13/21,Snacks,2,5,2.5,4,2,100,4
4/14/21,Drinks,1,1,1,33,33,100,33
4/14/21,General Food,4,61,15.3,500.9,125.22,100,500.9
4/14/21,Meat/Fish,1,1,1,20,20,100,20
4/15/21,Cleaning&body,1,3,3,23,23,100,23
4/15/21,Drinks,1,5,5,37,37,100,37
4/15/21,General Food,6,61,10.2,637.98,106.33,100,637.98
4/15/21,Meat/Fish,2,9,4.5,163.96,81.98,100,163.96
4/15/21,Pasta/Rice,2,3,1.5,11.97,5.98,100,11.97
4/15/21,Snacks,3,6,2,3.5,1.16,100,3.5
4/16/21,Drinks,3,3,1,81.3,27.1,100,81.3
4/16/21,General Food,11,62,5.6,555.85,50.53,100,555.85
4/16/21,Meat/Fish,4,7,1.8,80,20,100,80
4/16/21,Snacks,2,6,3,6,3,100,6
4/17/21,Drinks,1,1,1,1.5,1.5,100,1.5
4/17/21,General Food,9,66,7.3,645.41,71.71,100,645.41
4/18/21,General Food,4,35,8.8,324.98,81.24,100,324.98
4/18/21,Snacks,1,1,1,0.5,0.5,100,0.5
4/19/21,General Food,2,9,4.5,163.49,81.74,100,163.49
4/19/21,Meat/Fish,2,7,3.5,90,45,100,90
4/19/21,Snacks,1,9,9,4.5,4.5,100,4.5
4/20/21,Cleaning&body,1,1,1,3,3,100,3
4/20/21,General Food,6,26,4.3,198.2,33.03,100,198.2
4/20/21,Meat/Fish,2,2,1,40,20,100,40
4/21/21,Drinks,1,2,2,2,2,100,2
4/21/21,General Food,5,40,8,234.24,46.84,100,234.24
4/21/21,Snacks,2,17,8.5,9,4.5,100,9
4/22/21,Drinks,2,2,1,66,33,100,66
4/22/21,General Food,4,37,9.3,301.98,75.49,100,301.98
4/22/21,Meat/Fish,1,1,1,20,20,100,20
4/23/21,General Food,7,94,13.4,831.46,118.78,100,831.46
4/23/21,Meat/Fish,2,2,1,20,10,100,20
4/23/21,Snacks,1,1,1,0.5,0.5,100,0.5
4/24/21,Drinks,3,7,2.3,7.5,2.5,100,7.5
4/24/21,General Food,9,115,12.8,858.6,95.4,100,858.6
4/24/21,Meat/Fish,5,14,2.8,240,48,100,240
4/24/21,Snacks,2,2,1,1,0.5,100,1
4/25/21,Drinks,1,2,2,4.5,4.5,100,4.5
4/25/21,General Food,2,9,4.5,43.09,21.54,100,43.09
4/25/21,Meat/Fish,2,3,1.5,40,20,100,40
4/25/21,Misc.,1,1,1,50,50,100,50
4/25/21,Pasta/Rice,1,1,1,3.99,3.99,100,3.99
4/26/21,General Food,3,14,4.7,275.96,91.98,100,275.96
4/27/21,General Food,1,5,5,42,42,100,42
4/28/21,General Food,4,12,3,34.98,8.74,100,34.98
4/28/21,Meat/Fish,1,1,1,10,10,100,10
4/28/21,Snacks,1,1,1,0.25,0.25,100,0.25
4/29/21,Drinks,1,5,5,37,37,100,37
4/29/21,General Food,6,25,4.2,243.62,40.6,100,243.62
4/29/21,Meat/Fish,1,1,1,10,10,100,10
4/30/21,Cleaning&body,1,3,3,30,30,100,30
4/30/21,Drinks,1,2,2,66,66,100,66
4/30/21,General Food,7,37,5.3,531.35,75.9,100,531.35
4/30/21,Meat/Fish,2,2,1,26,13,100,26
4/30/21,Snacks,2,14,7,8,4,100,8
5/1/21,Cleaning&body,2,5,2.5,80,40,100,80
5/1/21,Drinks,2,2,1,3,1.5,100,3
5/1/21,General Food,14,73,5.2,897.71,64.12,100,897.71
5/1/21,Meat/Fish,5,8,1.6,150,30,100,150
5/1/21,Snacks,4,14,3.5,6.5,1.62,100,6.5
5/2/21,Drinks,3,10,3.3,48.25,16.08,100,48.25
5/2/21,General Food,11,87,7.9,980.08,89.09,100,980.08
5/2/21,Meat/Fish,1,1,1,10,10,100,10
5/2/21,Snacks,2,6,3,3,1.5,100,3
5/3/21,Drinks,2,4,2,37.5,18.75,100,37.5
5/3/21,General Food,4,38,9.5,279.75,69.93,100,279.75
5/3/21,Snacks,2,17,8.5,8.5,4.25,100,8.5
5/4/21,Cleaning&body,1,2,2,10,10,100,10
5/4/21,Drinks,5,12,2.4,44.5,8.9,100,44.5
5/4/21,General Food,5,46,9.2,514.06,102.81,100,514.06
5/4/21,Meat/Fish,1,1,1,20,20,100,20
5/4/21,Snacks,1,4,4,2,2,100,2
5/5/21,Drinks,2,5,2.5,6,3,100,6
5/5/21,General Food,9,63,7,546.22,60.69,100,546.22
5/5/21,Meat/Fish,4,5,1.3,70,17.5,100,70
5/5/21,Snacks,3,9,3,8.5,2.83,100,8.5
5/6/21,Cleaning&body,1,1,1,10,10,100,10
5/6/21,Drinks,2,6,3,40,20,100,40
5/6/21,General Food,7,48,6.9,606.24,86.6,100,606.24
5/6/21,Meat/Fish,4,8,2,120,30,100,120
5/6/21,Snacks,1,2,2,0.5,0.5,100,0.5
5/7/21,Cleaning&body,1,2,2,18,18,100,18
5/7/21,General Food,11,49,4.5,610.15,55.46,100,610.15
5/7/21,Meat/Fish,4,7,1.8,76,19,100,76
5/7/21,Snacks,2,9,4.5,4.25,2.12,100,4.25
5/8/21,Drinks,1,4,4,4,4,100,4
5/8/21,General Food,9,74,8.2,798.67,88.74,100,798.67
5/8/21,Meat/Fish,2,4,2,70,35,100,70
5/8/21,Snacks,1,1,1,0.5,0.5,100,0.5
5/9/21,Drinks,1,1,1,1,1,100,1
5/9/21,General Food,2,5,2.5,9,4.5,100,9
5/9/21,Service Fees,1,10,10,5,5,100,5
5/9/21,Snacks,1,2,2,1,1,100,1
5/10/21,Drinks,3,5,1.7,5,1.66,100,5
5/10/21,General Food,10,71,7.1,643.24,64.32,100,643.24
5/10/21,Meat/Fish,5,9,1.8,160,32,100,160
5/11/21,Drinks,1,1,1,1.5,1.5,100,1.5
5/11/21,General Food,3,24,8,155.23,51.74,100,155.23
5/11/21,Meat/Fish,1,1,1,20,20,100,20
5/12/21,Drinks,3,4,1.3,35.75,11.91,100,35.75
5/12/21,General Food,5,57,11.4,477.39,95.47,100,477.39
5/12/21,Meat/Fish,1,1,1,20,20,100,20
5/12/21,Snacks,1,4,4,2,2,100,2
5/13/21,Drinks,1,2,2,2,2,100,2
5/13/21,General Food,1,6,6,298.25,298.25,100,298.25
5/14/21,Cleaning&body,1,2,2,20,20,100,20
5/14/21,Clothes,1,1,1,22,22,100,22
5/14/21,Drinks,1,2,2,66,66,100,66
5/14/21,General Food,9,78,8.7,732.01,81.33,100,732.01
5/14/21,Meat/Fish,1,1,1,10,10,100,10
5/14/21,Snacks,2,6,3,2.25,1.12,100,2.25
5/15/21,General Food,7,40,5.7,452.55,64.65,100,452.55
5/15/21,Snacks,1,11,11,7.75,7.75,100,7.75
5/16/21,Drinks,2,4,2,4.25,2.12,100,4.25
5/16/21,General Food,9,60,6.7,721.34,80.14,100,721.34
5/16/21,Meat/Fish,3,3,1,40,13.33,100,40
5/16/21,Snacks,3,9,3,7,2.33,100,7
5/17/21,General Food,5,24,4.8,223.75,44.75,100,223.75
5/17/21,Meat/Fish,1,1,1,10,10,100,10
5/18/21,Drinks,1,2,2,34,34,100,34
5/18/21,General Food,4,28,7,226.24,56.56,100,226.24
5/18/21,Meat/Fish,1,1,1,20,20,100,20
5/18/21,Service Fees,2,0,0,0.04,0.02,0,0
5/19/21,Drinks,2,2,1,3,1.5,100,3
5/19/21,General Food,10,37,3.7,368.42,36.84,100,368.42
5/19/21,Meat/Fish,1,1,1,20,20,100,20
5/19/21,Misc.,1,1,1,4,4,100,4
5/19/21,Service Fees,14,0,0,2.9,0.2,0,0
5/19/21,Snacks,2,4,2,1.25,0.62,100,1.25
5/20/21,Drinks,2,7,3.5,9,4.5,100,9
5/20/21,General Food,5,37,7.4,306.74,61.34,100,306.74
5/20/21,Meat/Fish,3,4,1.3,70,23.33,100,70
5/20/21,Service Fees,7,0,0,6.98,0.99,0,0
5/20/21,Snacks,1,1,1,0.25,0.25,100,0.25
5/21/21,Cleaning&body,1,2,2,18,18,100,18
5/21/21,Drinks,1,2,2,2.5,2.5,100,2.5
5/21/21,General Food,5,34,6.8,404,80.8,100,404
5/21/21,Meat/Fish,1,2,2,40,40,100,40
5/21/21,Service Fees,6,0,0,0.72,0.12,0,0
5/22/21,Drinks,3,3,1,5,1.66,100,5
5/22/21,General Food,8,63,7.9,442.91,55.36,100,442.91
5/22/21,Meat/Fish,6,11,1.8,160,26.66,100,160
5/22/21,Service Fees,10,0,0,3.92,0.39,0,0
5/22/21,Snacks,4,7,1.8,2.25,0.56,100,2.25
5/23/21,General Food,6,15,2.5,127.99,21.33,100,127.99
5/23/21,Meat/Fish,3,9,3,90,30,100,90
5/23/21,Service Fees,8,0,0,5.6,0.7,0,0
5/23/21,Snacks,1,4,4,2,2,100,2
5/24/21,Drinks,2,4,2,36,18,100,36
5/24/21,General Food,5,43,8.6,665.86,133.17,100,665.86
5/24/21,Meat/Fish,1,1,1,20,20,100,20
5/24/21,Service Fees,5,0,0,0,0,0,0
5/25/21,Cleaning&body,1,1,1,8,8,100,8
5/25/21,Clothes,1,1,1,38,38,100,38
5/25/21,Drinks,1,2,2,66,66,100,66
5/25/21,General Food,3,34,11.3,478.24,159.41,100,478.24
5/25/21,Service Fees,5,0,0,1.84,0.36,0,0
5/26/21,Drinks,1,4,4,4,4,100,4
5/26/21,General Food,3,10,3.3,58,19.33,100,58
5/26/21,Service Fees,3,0,0,1.44,0.48,0,0
5/27/21,Cleaning&body,3,3,1,36,12,100,36
5/27/21,Drinks,4,13,3.3,77,19.25,100,77
5/27/21,General Food,13,81,6.2,622.5,47.88,100,622.5
5/27/21,Meat/Fish,4,8,2,150,37.5,100,150
5/27/21,Service Fees,14,0,0,9.81,0.7,0,0
5/28/21,Cleaning&body,1,9,9,60,60,100,60
5/28/21,Drinks,2,5,2.5,4.5,2.25,100,4.5
5/28/21,General Food,12,76,6.3,893.64,74.47,100,893.64
5/28/21,Meat/Fish,3,6,2,90,30,100,90
5/28/21,Service Fees,12,0,0,8.8,0.73,0,0
5/28/21,Snacks,2,5,2.5,2.5,1.25,100,2.5
5/29/21,General Food,4,14,3.5,140.65,35.16,100,140.65
5/29/21,Meat/Fish,3,7,2.3,100,33.33,100,100
5/29/21,Service Fees,5,0,0,7.63,1.52,0,0
5/29/21,Snacks,1,2,2,1,1,100,1
5/30/21,Clothes,1,1,1,30,30,100,30
5/30/21,Drinks,3,3,1,43.5,14.5,100,43.5
5/30/21,General Food,3,11,3.7,89.5,29.83,100,89.5
5/30/21,Meat/Fish,1,1,1,10,10,100,10
5/30/21,Service Fees,7,0,0,4.12,0.58,0,0
5/31/21,Clothes,1,1,1,10,10,100,10
5/31/21,Drinks,1,2,2,2,2,100,2
5/31/21,General Food,5,50,10,411.69,82.33,100,411.69
5/31/21,Meat/Fish,1,1,1,20,20,100,20
5/31/21,Service Fees,5,0,0,3.83,0.76,0,0
5/31/21,Snacks,1,6,6,3,3,100,3
6/1/21,Drinks,2,5,2.5,13,6.5,100,13
6/1/21,General Food,3,31,10.3,186.4,62.13,100,186.4
6/1/21,Meat/Fish,1,1,1,20,20,100,20
6/1/21,Service Fees,3,0,0,1.8,0.6,0,0
6/1/21,Snacks,2,6,3,3,1.5,100,3
6/2/21,Cleaning&body,1,1,1,10,10,100,10
6/2/21,Drinks,3,7,2.3,10.5,3.5,100,10.5
6/2/21,General Food,15,153,10.2,1256.77,83.78,100,1256.77
6/2/21,Meat/Fish,3,3,1,50,16.66,100,50
6/2/21,Service Fees,16,0,0,4.34,0.27,0,0
6/2/21,Snacks,2,10,5,5.98,2.99,100,5.98
6/3/21,Drinks,1,1,1,1,1,100,1
6/3/21,General Food,4,42,10.5,356.55,89.13,100,356.55
6/3/21,Meat/Fish,2,5,2.5,50,25,100,50
6/3/21,Service Fees,4,0,0,4.41,1.1,0,0
6/4/21,General Food,3,59,19.7,274.25,91.41,100,274.25
6/4/21,Meat/Fish,1,1,1,20,20,100,20
6/4/21,Service Fees,3,0,0,0,0,0,0
6/5/21,Cleaning&body,1,1,1,5,5,100,5
6/5/21,General Food,4,8,2,43.09,10.77,100,43.09
6/5/21,Service Fees,6,0,0,0.83,0.13,0,0
6/5/21,Snacks,1,1,1,0.75,0.75,100,0.75
6/6/21,Drinks,2,4,2,4.25,2.12,100,4.25
6/6/21,General Food,6,20,3.3,134.47,22.41,100,134.47
6/6/21,Meat/Fish,2,13,6.5,130,65,100,130
6/6/21,Service Fees,7,0,0,2.54,0.36,0,0
6/7/21,Cleaning&body,4,13,3.3,128,32,100,128
6/7/21,Drinks,7,15,2.1,122.75,17.53,100,122.75
6/7/21,General Food,12,123,10.3,813.49,67.79,100,813.49
6/7/21,Meat/Fish,2,2,1,30,15,100,30
6/7/21,Misc.,1,1,1,15,15,100,15
6/7/21,Service Fees,15,0,0,5.83,0.38,0,0
6/7/21,Snacks,3,5,1.7,6.5,2.16,100,6.5
6/8/21,General Food,4,26,6.5,461.91,115.47,100,461.91
6/8/21,Service Fees,4,0,0,0,0,0,0
6/9/21,Drinks,4,18,4.5,97.5,24.37,100,97.5
6/9/21,General Food,10,78,7.8,869.55,86.95,100,869.55
6/9/21,Meat/Fish,2,2,1,30,15,100,30
6/9/21,Service Fees,12,0,0,0.64,0.05,0,0
6/9/21,Snacks,4,12,3,15.75,3.93,100,15.75
6/10/21,Drinks,3,14,4.7,57,19,100,57
6/10/21,General Food,6,83,13.8,706.56,117.76,100,706.56
6/10/21,Meat/Fish,4,7,1.8,100,25,100,100
6/10/21,Service Fees,7,0,0,1.48,0.21,0,0
6/10/21,Snacks,2,6,3,9,4.5,100,9
6/11/21,Drinks,5,14,2.8,28.5,5.7,100,28.5
6/11/21,General Food,9,24,2.7,236,26.22,100,236
6/11/21,Meat/Fish,3,7,2.3,70,23.33,100,70
6/11/21,Service Fees,13,0,0,5.38,0.41,0,0
6/11/21,Snacks,4,29,7.3,19.5,4.87,100,19.5
6/12/21,Drinks,2,5,2.5,9,4.5,100,9
6/12/21,General Food,8,76,9.5,903.8,112.97,100,903.8
6/12/21,Service Fees,9,0,0,0.68,0.07,0,0
6/12/21,Snacks,2,7,3.5,7.75,3.87,100,7.75
6/13/21,Drinks,1,2,2,2,2,100,2
6/13/21,General Food,5,47,9.4,462.36,92.47,100,462.36
6/13/21,Service Fees,6,0,0,0.15,0.02,0,0
6/13/21,Snacks,2,6,3,7,3.5,100,7
6/14/21,Drinks,2,4,2,36,18,100,36
6/14/21,General Food,10,132,13.2,1397.26,139.72,100,1397.26
6/14/21,Meat/Fish,3,4,1.3,50,16.66,100,50
6/14/21,Service Fees,10,0,0,0,0,0,0
6/14/21,Snacks,2,4,2,5,2.5,100,5
6/15/21,Drinks,2,3,1.5,4.5,2.25,100,4.5
6/15/21,General Food,4,30,7.5,165.9,41.47,100,165.9
6/15/21,Service Fees,5,0,0,0.7,0.14,0,0
6/15/21,Snacks,2,6,3,3,1.5,100,3
6/16/21,Drinks,2,11,5.5,16.75,8.37,100,16.75
6/16/21,General Food,5,9,1.8,104.75,20.95,100,104.75
6/16/21,Service Fees,5,0,0,1.76,0.35,0,0
6/16/21,Snacks,1,6,6,11,11,100,11
6/17/21,Cleaning&body,2,15,7.5,59.75,29.87,100,59.75
6/17/21,Drinks,4,26,6.5,114.25,28.56,100,114.25
6/17/21,General Food,4,82,20.5,605.78,151.44,100,605.78
6/17/21,Meat/Fish,1,1,1,10,10,100,10
6/17/21,Service Fees,6,0,0,0.37,0.06,0,0
6/17/21,Snacks,3,59,19.7,50.56,16.85,100,50.56
6/18/21,General Food,4,21,5.3,394.76,98.69,100,394.76
6/18/21,Meat/Fish,1,1,1,10,10,100,10
6/18/21,Service Fees,4,0,0,4.09,1.02,0,0
6/19/21,Cleaning&body,2,3,1.5,28,14,100,28
6/19/21,General Food,2,2,1,43,21.5,100,43
6/19/21,Service Fees,2,0,0,2.84,1.42,0,0
6/20/21,Cleaning&body,1,1,1,2,2,100,2
6/20/21,General Food,2,13,6.5,298.24,149.12,100,298.24
6/20/21,Service Fees,2,0,0,5.92,2.96,0,0
6/20/21,Snacks,1,7,7,11,11,100,11
6/21/21,General Food,3,18,6,88.25,29.41,100,88.25
6/21/21,Meat/Fish,1,2,2,20,20,100,20
6/21/21,Service Fees,3,0,0,1.13,0.37,0,0
6/22/21,Cleaning&body,1,2,2,36,36,100,36
6/22/21,Drinks,3,10,3.3,11.5,3.83,100,11.5
6/22/21,General Food,6,110,18.3,888.31,148.05,100,888.31
6/22/21,Meat/Fish,2,4,2,60,30,100,60
6/22/21,Service Fees,8,0,0,1.98,0.24,0,0
6/22/21,Snacks,2,11,5.5,13,6.5,100,13
6/23/21,General Food,1,2,2,10.44,10.44,100,10.44
6/23/21,Service Fees,3,0,0,0.42,0.14,0,0
6/23/21,Snacks,2,3,1.5,1.5,0.75,100,1.5
6/24/21,General Food,5,45,9,256.57,51.31,100,256.57
6/24/21,Meat/Fish,4,11,2.8,200,50,100,200
6/24/21,Service Fees,6,0,0,1.84,0.3,0,0
6/24/21,Snacks,1,1,1,0.5,0.5,100,0.5
6/25/21,General Food,8,33,4.1,219.14,27.39,100,219.14
6/25/21,Meat/Fish,6,11,1.8,150,25,100,150
6/25/21,Service Fees,11,0,0,6.15,0.55,0,0
6/25/21,Snacks,1,1,1,0.5,0.5,100,0.5
6/26/21,Drinks,1,1,1,1.5,1.5,100,1.5
6/26/21,General Food,4,22,5.5,119.84,29.96,100,119.84
6/26/21,Meat/Fish,4,10,2.5,150,37.5,100,150
6/26/21,Service Fees,7,0,0,7.72,1.1,0,0
6/26/21,Snacks,1,1,1,0.25,0.25,100,0.25
6/27/21,Cleaning&body,1,2,2,10,10,100,10
6/27/21,Drinks,6,15,2.5,81,13.5,100,81
6/27/21,General Food,6,56,9.3,504.88,84.14,100,504.88
6/27/21,Meat/Fish,3,5,1.7,80,26.66,100,80
6/27/21,Service Fees,10,0,0,0.34,0.03,0,0
6/27/21,Snacks,5,6,1.2,4,0.8,100,4
6/28/21,Drinks,5,7,1.4,72.75,14.55,100,72.75
6/28/21,General Food,10,81,8.1,743.05,74.3,100,743.05
6/28/21,Meat/Fish,3,5,1.7,90,30,100,90
6/28/21,Service Fees,11,0,0,1.92,0.17,0,0
6/28/21,Snacks,3,5,1.7,3.5,1.16,100,3.5
6/30/21,Cleaning&body,1,3,3,3.75,3.75,100,3.75
6/30/21,Drinks,2,7,3.5,8,4,100,8
6/30/21,General Food,11,118,10.7,930.78,84.61,100,930.78
6/30/21,Meat/Fish,2,2,1,40,20,100,40
6/30/21,Service Fees,16,0,0,2.34,0.14,0,0
6/30/21,Snacks,8,13,1.6,5.5,0.68,100,5.5
7/1/21,Clothes,1,1,1,20,20,100,20
7/1/21,General Food,1,2,2,20,20,100,20
7/1/21,Service Fees,2,0,0,0.8,0.4,0,0
7/2/21,Drinks,3,3,1,82,27.33,100,82
7/2/21,General Food,4,83,20.8,876.01,219,100,876.01
7/2/21,Meat/Fish,3,8,2.7,130,43.33,100,130
7/2/21,Service Fees,6,0,0,3.6,0.6,0,0
7/2/21,Snacks,2,5,2.5,7.5,3.75,100,7.5
7/3/21,Cleaning&body,1,1,1,2,2,100,2
7/3/21,Drinks,1,1,1,2,2,100,2
7/3/21,General Food,4,53,13.3,733.42,183.35,100,733.42
7/3/21,Meat/Fish,1,1,1,20,20,100,20
7/3/21,Service Fees,4,0,0,6.62,1.65,0,0
7/4/21,Drinks,1,1,1,1,1,100,1
7/4/21,General Food,2,12,6,90.99,45.49,100,90.99
7/4/21,Meat/Fish,1,2,2,20,20,100,20
7/4/21,Service Fees,3,0,0,1.68,0.56,0,0
7/5/21,Drinks,3,8,2.7,48.5,16.16,100,48.5
7/5/21,General Food,8,31,3.9,496.49,62.06,100,496.49
7/5/21,Meat/Fish,1,1,1,10,10,100,10
7/5/21,Service Fees,8,0,0,1.62,0.2,0,0
7/5/21,Snacks,2,4,2,2.5,1.25,100,2.5
7/6/21,Drinks,5,10,2,91,18.2,100,91
7/6/21,General Food,8,100,12.5,830.14,103.76,100,830.14
7/6/21,Meat/Fish,1,2,2,20,20,100,20
7/6/21,Service Fees,9,0,0,0.48,0.05,0,0
7/6/21,Snacks,6,37,6.2,22.25,3.7,100,22.25
7/7/21,General Food,11,81,7.4,945.06,85.91,100,945.06
7/7/21,Meat/Fish,4,6,1.5,90,22.5,100,90
7/7/21,Service Fees,11,0,0,0.92,0.08,0,0
7/7/21,Snacks,1,1,1,1,1,100,1
7/8/21,Drinks,1,4,4,6,6,100,6
7/8/21,General Food,6,45,7.5,329,54.83,100,329
7/8/21,Meat/Fish,2,4,2,60,30,100,60
7/8/21,Service Fees,7,0,0,2.32,0.33,0,0
7/8/21,Snacks,2,2,1,1.5,0.75,100,1.5
7/9/21,Drinks,1,1,1,1,1,100,1
7/9/21,General Food,10,55,5.5,817.75,81.77,100,817.75
7/9/21,Meat/Fish,2,3,1.5,30,15,100,30
7/9/21,Service Fees,11,0,0,8.16,0.74,0,0
7/9/21,Snacks,1,6,6,4.5,4.5,100,4.5
7/10/21,Drinks,2,2,1,34.5,17.25,100,34.5
7/10/21,General Food,10,57,5.7,611.5,61.15,100,611.5
7/10/21,Meat/Fish,2,2,1,30,15,100,30
7/10/21,Service Fees,10,0,0,1.64,0.16,0,0
7/10/21,Snacks,2,17,8.5,10.5,5.25,100,10.5
7/11/21,Cleaning&body,1,1,1,8,8,100,8
7/11/21,Drinks,1,1,1,1,1,100,1
7/11/21,General Food,5,64,12.8,566.05,113.21,100,566.05
7/11/21,Meat/Fish,1,2,2,20,20,100,20
7/11/21,Service Fees,5,0,0,1.2,0.24,0,0
7/11/21,Snacks,2,17,8.5,14,7,100,14
7/12/21,Drinks,2,2,1,2.5,1.25,100,2.5
7/12/21,General Food,3,21,7,219.99,73.33,100,219.99
7/12/21,Meat/Fish,1,1,1,20,20,100,20
7/12/21,Service Fees,4,0,0,0.2,0.05,0,0
7/12/21,Snacks,1,5,5,3.5,3.5,100,3.5
7/13/21,Drinks,1,2,2,10,10,100,10
7/13/21,General Food,2,13,6.5,106.89,53.44,100,106.89
7/13/21,Service Fees,2,0,0,0,0,0,0
7/14/21,Condiments,1,1,1,3,3,100,3
7/14/21,Drinks,5,27,5.4,162,32.4,100,162
7/14/21,General Food,12,84,7,641.19,53.43,100,641.19
7/14/21,Meat/Fish,1,1,1,20,20,100,20
7/14/21,Service Fees,16,0,0,3.18,0.19,0,0
7/14/21,Snacks,1,3,3,1.5,1.5,100,1.5
7/15/21,Cleaning&body,1,1,1,30,30,100,30
7/15/21,Drinks,1,3,3,3.5,3.5,100,3.5
7/15/21,General Food,6,38,6.3,382.48,63.74,100,382.48
7/15/21,Meat/Fish,2,2,1,20,10,100,20
7/15/21,Service Fees,9,0,0,2.98,0.33,0,0
7/15/21,Snacks,2,3,1.5,3.5,1.75,100,3.5
7/16/21,Drinks,1,1,1,1.25,1.25,100,1.25
7/16/21,General Food,5,26,5.2,206.37,41.27,100,206.37
7/16/21,Meat/Fish,3,5,1.7,80,26.66,100,80
7/16/21,Service Fees,7,0,0,7.46,1.06,0,0
7/17/21,Cleaning&body,1,1,1,8,8,100,8
7/17/21,Clothes,1,1,1,87,87,100,87
7/17/21,Drinks,3,3,1,67,22.33,100,67
7/17/21,General Food,6,56,9.3,555.19,92.53,100,555.19
7/17/21,Service Fees,8,0,0,3.48,0.43,0,0
7/17/21,Snacks,3,8,2.7,11,3.66,100,11
7/18/21,Clothes,1,3,3,30,30,100,30
7/18/21,Drinks,5,13,2.6,49,9.8,100,49
7/18/21,General Food,11,85,7.7,631.24,57.38,100,631.24
7/18/21,Meat/Fish,5,9,1.8,110,22,100,110
7/18/21,Service Fees,11,0,0,12.36,1.12,0,0
7/18/21,Snacks,1,1,1,0.25,0.25,100,0.25
7/19/21,General Food,3,21,7,178.75,59.58,100,178.75
7/19/21,Service Fees,3,0,0,3.13,1.04,0,0
7/20/21,Drinks,2,3,1.5,4.75,2.37,100,4.75
7/20/21,General Food,5,27,5.4,449.22,89.84,100,449.22
7/20/21,Service Fees,6,0,0,3.4,0.56,0,0
7/21/21,Drinks,4,14,3.5,49.25,12.31,100,49.25
7/21/21,General Food,7,116,16.6,1601.26,228.75,100,1601.26
7/21/21,Meat/Fish,2,2,1,30,15,100,30
7/21/21,Service Fees,8,0,0,0,0,0,0
7/21/21,Snacks,2,8,4,7.5,3.75,100,7.5
7/22/21,General Food,4,22,5.5,197.21,49.3,100,197.21
7/22/21,Meat/Fish,1,2,2,20,20,100,20
7/22/21,Service Fees,4,0,0,3.2,0.8,0,0
7/23/21,General Food,3,34,11.3,286.16,95.38,100,286.16
7/23/21,Service Fees,3,0,0,0.21,0.07,0,0
7/24/21,Cleaning&body,1,2,2,10,10,100,10
7/24/21,Drinks,1,5,5,10,10,100,10
7/24/21,General Food,8,66,8.3,780.19,97.52,100,780.19
7/24/21,Meat/Fish,1,1,1,20,20,100,20
7/24/21,Service Fees,9,0,0,8.86,0.98,0,0
7/25/21,Drinks,2,5,2.5,72,36,100,72
7/25/21,General Food,7,40,5.7,413.47,59.06,100,413.47
7/25/21,Meat/Fish,2,3,1.5,50,25,100,50
7/25/21,Service Fees,8,0,0,5.2,0.65,0,0
7/26/21,Drinks,2,2,1,66,33,100,66
7/26/21,General Food,4,25,6.3,397.75,99.43,100,397.75
7/26/21,Meat/Fish,1,2,2,20,20,100,20
7/26/21,Service Fees,5,0,0,4.2,0.84,0,0
7/26/21,Snacks,1,6,6,4.5,4.5,100,4.5
7/27/21,General Food,6,47,7.8,365.43,60.9,100,365.43
7/27/21,Meat/Fish,1,1,1,10,10,100,10
7/27/21,Service Fees,6,0,0,3.53,0.58,0,0
7/27/21,Snacks,1,2,2,1,1,100,1
7/28/21,Drinks,2,5,2.5,7.5,3.75,100,7.5
7/28/21,General Food,6,89,14.8,573.93,95.65,100,573.93
7/28/21,Meat/Fish,2,3,1.5,39.5,19.75,100,39.5
7/28/21,Service Fees,6,0,0,3.73,0.62,0,0
7/28/21,Snacks,1,4,4,2,2,100,2
7/29/21,Cleaning&body,1,1,1,5,5,100,5
7/29/21,General Food,3,15,5,70.99,23.66,100,70.99
7/29/21,Service Fees,4,0,0,0.2,0.05,0,0
7/30/21,Drinks,1,1,1,33,33,100,33
7/30/21,General Food,1,15,15,302.74,302.74,100,302.74
7/30/21,Meat/Fish,1,1,1,20,20,100,20
7/30/21,Service Fees,2,0,0,0,0,0,0
7/31/21,Drinks,1,1,1,31,31,100,31
7/31/21,General Food,7,96,13.7,682.82,97.54,100,682.82
7/31/21,Meat/Fish,2,4,2,40,20,100,40
7/31/21,Service Fees,8,0,0,2.88,0.36,0,0
8/1/21,General Food,3,56,18.7,183.12,61.04,100,183.12
8/1/21,Meat/Fish,2,3,1.5,30,15,100,30
8/1/21,Service Fees,3,0,0,1.52,0.5,0,0
8/1/21,Snacks,1,4,4,6,6,100,6
8/2/21,Drinks,4,10,2.5,43.25,10.81,100,43.25
8/2/21,General Food,12,116,9.7,871.14,72.59,100,871.14
8/2/21,Meat/Fish,3,5,1.7,90,30,100,90
8/2/21,Service Fees,13,0,0,2.59,0.19,0,0
8/2/21,Snacks,4,22,5.5,19,4.75,100,19
8/3/21,Drinks,1,19,19,47.5,47.5,100,47.5
8/3/21,General Food,6,94,15.7,906.21,151.03,100,906.21
8/3/21,Meat/Fish,4,5,1.3,60,15,100,60
8/3/21,Service Fees,9,0,0,0.8,0.08,0,0
8/3/21,Snacks,3,5,1.7,4.75,1.58,100,4.75
8/4/21,Cleaning&body,1,1,1,5,5,100,5
8/4/21,General Food,3,23,7.7,92.42,30.8,100,92.42
8/4/21,Service Fees,4,0,0,1.57,0.39,0,0
8/4/21,Snacks,1,1,1,0.99,0.99,100,0.99
8/5/21,Drinks,4,9,2.3,42.5,10.62,100,42.5
8/5/21,General Food,16,124,7.8,1574.61,98.41,100,1574.61
8/5/21,Meat/Fish,3,3,1,35,11.66,100,35
8/5/21,Service Fees,16,0,0,2.21,0.13,0,0
8/5/21,Snacks,3,4,1.3,3.5,1.16,100,3.5
8/6/21,Cleaning&body,1,5,5,24,24,100,24
8/6/21,Drinks,2,7,3.5,11,5.5,100,11
8/6/21,General Food,6,34,5.7,472.4,78.73,100,472.4
8/6/21,Meat/Fish,2,5,2.5,60,30,100,60
8/6/21,Service Fees,7,0,0,1.11,0.15,0,0
8/7/21,General Food,6,32,5.3,553.65,92.27,100,553.65
8/7/21,Meat/Fish,1,4,4,80,80,100,80
8/7/21,Service Fees,7,0,0,0.57,0.08,0,0
8/7/21,Snacks,1,1,1,0.5,0.5,100,0.5
8/8/21,Cleaning&body,1,1,1,8,8,100,8
8/8/21,General Food,6,62,10.3,716.75,119.45,100,716.75
8/8/21,Meat/Fish,2,3,1.5,40,20,100,40
8/8/21,Service Fees,6,0,0,0,0,0,0
8/8/21,Snacks,2,5,2.5,2.3,1.15,100,2.3
8/9/21,General Food,5,32,6.4,332.96,66.59,100,332.96
8/9/21,Service Fees,5,0,0,0,0,0,0
8/9/21,Snacks,1,1,1,0.5,0.5,100,0.5
8/10/21,General Food,6,23,3.8,299.96,49.99,100,299.96
8/10/21,Service Fees,6,0,0,5.04,0.84,0,0
8/11/21,Drinks,7,27,3.9,95.75,13.67,100,95.75
8/11/21,General Food,6,51,8.5,415.53,69.25,100,415.53
8/11/21,Meat/Fish,3,4,1.3,60,20,100,60
8/11/21,Service Fees,10,0,0,1.85,0.18,0,0
8/11/21,Snacks,2,3,1.5,3.5,1.75,100,3.5
8/12/21,Drinks,2,2,1,3,1.5,100,3
8/12/21,General Food,5,31,6.2,253.99,50.79,100,253.99
8/12/21,Meat/Fish,1,2,2,20,20,100,20
8/12/21,Service Fees,6,0,0,2.04,0.34,0,0
8/12/21,Snacks,1,2,2,0.5,0.5,100,0.5
8/13/21,Drinks,1,1,1,8,8,100,8
8/13/21,General Food,3,29,9.7,162.39,54.13,100,162.39
8/13/21,Service Fees,3,0,0,1.32,0.44,0,0
8/13/21,Snacks,1,1,1,3,3,100,3
8/14/21,Drinks,1,1,1,1.5,1.5,100,1.5
8/14/21,General Food,3,5,1.7,36.22,12.07,100,36.22
8/14/21,Meat/Fish,2,5,2.5,50,25,100,50
8/14/21,Service Fees,4,0,0,1.07,0.26,0,0
8/15/21,Drinks,1,2,2,9,9,100,9
8/15/21,General Food,6,33,5.5,581.8,96.96,100,581.8
8/15/21,Service Fees,6,0,0,0.84,0.14,0,0
8/15/21,Snacks,3,4,1.3,1.25,0.41,100,1.25
8/16/21,Drinks,1,1,1,8,8,100,8
8/16/21,General Food,4,54,13.5,238.3,59.57,100,238.3
8/16/21,Service Fees,4,0,0,0,0,0,0
8/16/21,Snacks,1,1,1,0.25,0.25,100,0.25
8/17/21,General Food,3,10,3.3,317,105.66,100,317
8/17/21,Meat/Fish,1,3,3,50,50,100,50
8/17/21,Service Fees,4,0,0,3.84,0.96,0,0
8/18/21,General Food,2,14,7,70.53,35.26,100,70.53
8/18/21,Meat/Fish,2,3,1.5,40,20,100,40
8/18/21,Service Fees,2,0,0,2.82,1.41,0,0
8/19/21,Cleaning&body,2,4,2,29,14.5,100,29
8/19/21,Drinks,2,7,3.5,24.75,12.37,100,24.75
8/19/21,General Food,6,64,10.7,637.21,106.2,100,637.21
8/19/21,Service Fees,6,0,0,5.42,0.9,0,0
8/19/21,Snacks,1,2,2,2,2,100,2
8/20/21,Cleaning&body,2,2,1,17,8.5,100,17
8/20/21,General Food,13,96,7.4,960.59,73.89,100,960.59
8/20/21,Meat/Fish,1,1,1,20,20,100,20
8/20/21,Service Fees,13,0,0,1.47,0.11,0,0
8/20/21,Snacks,2,2,1,0.5,0.25,100,0.5
8/21/21,Drinks,1,4,4,6,6,100,6
8/21/21,General Food,8,44,5.5,213.14,26.64,100,213.14
8/21/21,Service Fees,9,0,0,3.72,0.41,0,0
8/21/21,Snacks,1,1,1,0.25,0.25,100,0.25
8/22/21,Cleaning&body,3,7,2.3,34,11.33,100,34
8/22/21,General Food,8,83,10.4,768.76,96.09,100,768.76
8/22/21,Meat/Fish,2,3,1.5,30,15,100,30
8/22/21,Service Fees,10,0,0,1.72,0.17,0,0
8/22/21,Snacks,1,10,10,5,5,100,5
8/23/21,Cleaning&body,2,2,1,43,21.5,100,43
8/23/21,Drinks,1,2,2,2.5,2.5,100,2.5
8/23/21,General Food,2,9,4.5,36.5,18.25,100,36.5
8/23/21,Service Fees,5,0,0,0.62,0.12,0,0
8/24/21,Cleaning&body,1,1,1,8,8,100,8
8/24/21,Drinks,2,3,1.5,4,2,100,4
8/24/21,General Food,4,19,4.8,62.49,15.62,100,62.49
8/24/21,Meat/Fish,2,5,2.5,70,35,100,70
8/24/21,Service Fees,5,0,0,1.88,0.37,0,0
8/25/21,Drinks,2,2,1,66,33,100,66
8/25/21,General Food,4,19,4.8,569.97,142.49,100,569.97
8/25/21,Meat/Fish,3,6,2,80,26.66,100,80
8/25/21,Service Fees,5,0,0,1.28,0.25,0,0
8/25/21,Snacks,1,4,4,2,2,100,2
8/26/21,Cleaning&body,2,3,1.5,18,9,100,18
8/26/21,Drinks,1,3,3,3,3,100,3
8/26/21,General Food,9,79,8.8,583.22,64.8,100,583.22
8/26/21,Meat/Fish,2,8,4,140,70,100,140
8/26/21,Service Fees,13,0,0,5.98,0.46,0,0
8/26/21,Snacks,5,11,2.2,8.95,1.79,100,8.95
8/27/21,Cleaning&body,2,2,1,9.25,4.62,100,9.25
8/27/21,Clothes,1,1,1,5,5,100,5
8/27/21,Drinks,1,2,2,1.5,1.5,100,1.5
8/27/21,General Food,12,82,6.8,624.9,52.07,100,624.9
8/27/21,Meat/Fish,4,8,2,140,35,100,140
8/27/21,Service Fees,14,0,0,7.63,0.54,0,0
8/27/21,Snacks,2,10,5,12,6,100,12
8/28/21,Cleaning&body,1,4,4,120,120,100,120
8/28/21,Drinks,8,24,3,172.5,21.56,100,172.5
8/28/21,General Food,16,269,16.8,2768.25,173.01,100,2768.25
8/28/21,Meat/Fish,2,2,1,40,20,100,40
8/28/21,Service Fees,19,0,0,7.64,0.4,0,0
8/28/21,Snacks,6,20,3.3,32.75,5.45,100,32.75
8/29/21,Condiments,1,1,1,3,3,100,3
8/29/21,General Food,9,65,7.2,1040.33,115.59,100,1040.33
8/29/21,Meat/Fish,1,1,1,10,10,100,10
8/29/21,Service Fees,10,0,0,0.5,0.05,0,0
8/29/21,Snacks,1,1,1,2.5,2.5,100,2.5
8/30/21,Drinks,2,2,1,66,33,100,66
8/30/21,General Food,15,164,10.9,2735.15,182.34,100,2735.15
8/30/21,Meat/Fish,2,4,2,60,30,100,60
8/30/21,Pinless Recharge,2,2,1,15,7.5,0,0
8/30/21,Service Fees,18,0,0,1.52,0.08,0,0
8/30/21,Snacks,3,3,1,2,0.66,100,2
8/31/21,Drinks,2,5,2.5,6.5,3.25,100,6.5
8/31/21,General Food,8,135,16.9,2223.75,277.96,100,2223.75
8/31/21,Meat/Fish,2,11,5.5,210,105,100,210
8/31/21,Service Fees,9,0,0,0.18,0.02,0,0
8/31/21,Snacks,1,5,5,4.5,4.5,100,4.5
9/1/21,Drinks,3,5,1.7,37,12.33,100,37
9/1/21,General Food,5,140,28,1415.42,283.08,100,1415.42
9/1/21,Meat/Fish,1,6,6,100,100,100,100
9/1/21,Service Fees,7,0,0,0,0,0,0
9/2/21,Condiments,1,1,1,3,3,100,3
9/2/21,Drinks,7,17,2.4,209.5,29.92,100,209.5
9/2/21,General Food,8,125,15.6,1166.11,145.76,100,1166.11
9/2/21,Meat/Fish,1,1,1,17,17,100,17
9/2/21,Service Fees,9,0,0,0,0,0,0
9/2/21,Snacks,5,17,3.4,24.5,4.9,100,24.5
9/3/21,Drinks,1,2,2,66,66,100,66
9/3/21,General Food,12,159,13.3,1530.29,127.52,100,1530.29
9/3/21,Meat/Fish,3,5,1.7,80,26.66,100,80
9/3/21,Service Fees,12,0,0,1.84,0.15,0,0
9/3/21,Snacks,1,1,1,2.5,2.5,100,2.5
9/4/21,Cleaning&body,1,1,1,8,8,100,8
9/4/21,General Food,2,10,5,120,60,100,120
9/4/21,Service Fees,3,0,0,3.28,1.09,0,0
9/4/21,Snacks,2,3,1.5,4,2,100,4
9/5/21,Drinks,2,2,1,2,1,100,2
9/5/21,General Food,9,116,12.9,1289.08,143.23,100,1289.08
9/5/21,Meat/Fish,1,3,3,30,30,100,30
9/5/21,Service Fees,10,0,0,1.12,0.11,0,0
9/5/21,Snacks,1,5,5,10,10,100,10
9/6/21,Drinks,5,7,1.4,74,14.8,100,74
9/6/21,General Food,13,114,8.8,1413.64,108.74,100,1413.64
9/6/21,Meat/Fish,2,4,2,50,25,100,50
9/6/21,Service Fees,13,0,0,3.08,0.23,0,0
9/6/21,Snacks,3,5,1.7,4.5,1.5,100,4.5
9/7/21,Cleaning&body,1,1,1,5,5,100,5
9/7/21,Condiments,3,6,2,15,5,100,15
9/7/21,General Food,9,77,8.6,805.07,89.45,100,805.07
9/7/21,Meat/Fish,3,9,3,160,53.33,100,160
9/7/21,Service Fees,10,0,0,3.4,0.34,0,0
9/7/21,Snacks,2,10,5,5,2.5,100,5
9/8/21,Drinks,7,18,2.6,86,12.28,100,86
9/8/21,General Food,9,84,9.3,946.35,105.15,100,946.35
9/8/21,Meat/Fish,1,1,1,10,10,100,10
9/8/21,Service Fees,9,0,0,6.89,0.76,0,0
9/8/21,Snacks,1,2,2,2,2,100,2
9/9/21,Drinks,8,15,1.9,115,14.37,100,115
9/9/21,General Food,12,181,15.1,2276.6,189.71,100,2276.6
9/9/21,Meat/Fish,5,5,1,90,18,100,90
9/9/21,Service Fees,12,0,0,1.12,0.09,0,0
9/9/21,Snacks,4,9,2.3,10.5,2.62,100,10.5
9/10/21,Cleaning&body,1,3,3,15,15,100,15
9/10/21,Drinks,4,7,1.8,74,18.5,100,74
9/10/21,General Food,15,172,11.5,1542.9,102.86,100,1542.9
9/10/21,Meat/Fish,2,2,1,40,20,100,40
9/10/21,Pinless Recharge,1,1,1,20,20,0,0
9/10/21,Service Fees,20,0,0,6.77,0.33,0,0
9/10/21,Snacks,9,14,1.6,13.75,1.52,100,13.75
9/11/21,Drinks,4,9,2.3,46.75,11.68,100,46.75
9/11/21,General Food,10,50,5,1011.25,101.12,100,1011.25
9/11/21,Meat/Fish,4,9,2.3,180,45,100,180
9/11/21,Service Fees,12,0,0,4.24,0.35,0,0
9/11/21,Snacks,1,2,2,1,1,100,1
9/12/21,General Food,11,45,4.1,773.5,70.31,100,773.5
9/12/21,Service Fees,11,0,0,13.96,1.26,0,0
9/13/21,Drinks,2,2,1,2,1,100,2
9/13/21,General Food,3,81,27,1024.96,341.65,100,1024.96
9/13/21,Meat/Fish,5,12,2.4,180,36,100,180
9/13/21,Service Fees,10,0,0,4.8,0.48,0,0
9/13/21,Snacks,1,1,1,2,2,100,2
9/14/21,Drinks,2,2,1,2.5,1.25,100,2.5
9/14/21,General Food,1,5,5,42.5,42.5,100,42.5
9/14/21,Service Fees,2,0,0,0.04,0.02,0,0
9/15/21,Cleaning&body,1,1,1,18,18,100,18
9/15/21,Drinks,2,4,2,4,2,100,4
9/15/21,General Food,7,88,12.6,874.69,124.95,100,874.69
9/15/21,Meat/Fish,1,1,1,10,10,100,10
9/15/21,Service Fees,7,0,0,0,0,0,0
9/15/21,Snacks,3,6,2,11,3.66,100,11
9/16/21,Drinks,1,4,4,39,39,100,39
9/16/21,General Food,4,32,8,382.24,95.56,100,382.24
9/16/21,Service Fees,4,0,0,0,0,0,0
9/16/21,Snacks,1,3,3,3,3,100,3
9/17/21,Cleaning&body,1,1,1,5,5,100,5
9/17/21,Drinks,1,1,1,9,9,100,9
9/17/21,General Food,1,12,12,77.9,77.9,100,77.9
9/17/21,Service Fees,1,0,0,0,0,0,0
9/17/21,Snacks,1,1,1,0.25,0.25,100,0.25
9/18/21,Cleaning&body,1,1,1,1.25,1.25,100,1.25
9/18/21,Condiments,1,4,4,6,6,100,6
9/18/21,Drinks,2,2,1,49,24.5,100,49
9/18/21,General Food,12,88,7.3,950.76,79.23,100,950.76
9/18/21,Meat/Fish,3,4,1.3,40,13.33,100,40
9/18/21,Service Fees,14,0,0,6.64,0.47,0,0
9/18/21,Snacks,5,54,10.8,14.2,2.84,100,14.2
9/19/21,General Food,4,33,8.3,174.15,43.53,100,174.15
9/19/21,Meat/Fish,1,1,1,20,20,100,20
9/19/21,Service Fees,4,0,0,1.04,0.26,0,0
9/19/21,Snacks,1,1,1,1,1,100,1
9/20/21,Drinks,1,1,1,30,30,100,30
9/20/21,General Food,4,28,7,306.22,76.55,100,306.22
9/20/21,Service Fees,5,0,0,0,0,0,0
9/20/21,Snacks,1,1,1,1.5,1.5,100,1.5
9/21/21,General Food,5,25,5,204.25,40.85,100,204.25
9/21/21,Service Fees,5,0,0,0,0,0,0
9/21/21,Snacks,1,1,1,0.5,0.5,100,0.5
9/22/21,Cleaning&body,1,4,4,36,36,100,36
9/22/21,Drinks,2,3,1.5,73,36.5,100,73
9/22/21,General Food,7,70,10,1035.49,147.92,100,1035.49
9/22/21,Meat/Fish,1,1,1,20,20,100,20
9/22/21,Service Fees,7,0,0,0,0,0,0
9/22/21,Snacks,1,1,1,0.5,0.5,100,0.5
9/23/21,Drinks,1,3,3,3,3,100,3
9/23/21,General Food,3,38,12.7,211,70.33,100,211
9/23/21,Service Fees,3,0,0,0.28,0.09,0,0
9/24/21,Cleaning&body,1,2,2,36,36,100,36
9/24/21,Drinks,1,2,2,69,69,100,69
9/24/21,General Food,4,31,7.8,608.89,152.22,100,608.89
9/24/21,Service Fees,5,0,0,9.67,1.93,0,0
9/24/21,Snacks,1,2,2,3,3,100,3
9/26/21,Cleaning&body,1,6,6,53,53,100,53
9/26/21,Clothes,1,1,1,25,25,100,25
9/26/21,Drinks,3,4,1.3,141,47,100,141
9/26/21,General Food,13,132,10.2,1332.09,102.46,100,1332.09
9/26/21,Meat/Fish,3,6,2,70,23.33,100,70
9/26/21,Service Fees,13,0,0,5.93,0.45,0,0
9/27/21,Cleaning&body,1,1,1,8,8,100,8
9/27/21,Drinks,3,5,1.7,40,13.33,100,40
9/27/21,General Food,9,75,8.3,798.7,88.74,100,798.7
9/27/21,Meat/Fish,1,4,4,70,70,100,70
9/27/21,Service Fees,9,0,0,0.96,0.1,0,0
9/28/21,Drinks,1,2,2,69,69,100,69
9/28/21,General Food,6,47,7.8,439.21,73.2,100,439.21
9/28/21,Meat/Fish,1,1,1,10,10,100,10
9/28/21,Pinless Recharge,1,1,1,10,10,0,0
9/28/21,Service Fees,7,0,0,1.52,0.21,0,0
9/29/21,Drinks,5,9,1.8,147,29.4,100,147
9/29/21,General Food,10,94,9.4,1401.13,140.11,100,1401.13
9/29/21,Meat/Fish,2,4,2,70,35,100,70
9/29/21,Service Fees,12,0,0,0.63,0.05,0,0
9/29/21,Snacks,1,2,2,1,1,100,1
9/30/21,Drinks,1,1,1,36,36,100,36
9/30/21,General Food,3,28,9.3,332.7,110.9,100,332.7
9/30/21,Meat/Fish,1,1,1,10,10,100,10
9/30/21,Service Fees,3,0,0,2.26,0.75,0,0
9/30/21,Snacks,1,1,1,1.75,1.75,100,1.75
10/1/21,General Food,2,24,12,211.33,105.66,100,211.33
10/1/21,Meat/Fish,1,1,1,10,10,100,10
10/1/21,Service Fees,2,0,0,0.84,0.42,0,0
10/2/21,Condiments,1,2,2,3,3,100,3
10/2/21,Drinks,4,11,2.8,98,24.5,100,98
10/2/21,General Food,16,153,9.6,1623.89,101.49,100,1623.89
10/2/21,Meat/Fish,2,3,1.5,50,25,100,50
10/2/21,Pinless Recharge,1,1,1,5,5,0,0
10/2/21,Service Fees,17,0,0,0.4,0.02,0,0
10/3/21,Drinks,1,1,1,2,2,100,2
10/3/21,General Food,7,43,6.1,485.08,69.29,100,485.08
10/3/21,Meat/Fish,1,1,1,10,10,100,10
10/3/21,Service Fees,8,0,0,1.32,0.16,0,0
10/3/21,Snacks,1,3,3,4.5,4.5,100,4.5
10/4/21,Drinks,1,1,1,33,33,100,33
10/4/21,General Food,7,53,7.6,1052.92,150.41,100,1052.92
10/4/21,Meat/Fish,1,4,4,70,70,100,70
10/4/21,Service Fees,7,0,0,5.31,0.75,0,0
10/4/21,Snacks,1,1,1,0.75,0.75,100,0.75
10/5/21,Drinks,4,10,2.5,45,11.25,100,45
10/5/21,General Food,6,49,8.2,686.85,114.47,100,686.85
10/5/21,Pinless Recharge,2,2,1,20,10,0,0
10/5/21,Service Fees,9,0,0,0,0,0,0
10/5/21,Snacks,1,2,2,1,1,100,1
10/6/21,Cleaning&body,1,2,2,10,10,100,10
10/6/21,Drinks,3,5,1.7,107,35.66,100,107
10/6/21,General Food,8,119,14.9,1950.86,243.85,100,1950.86
10/6/21,Meat/Fish,1,1,1,20,20,100,20
10/6/21,Service Fees,10,0,0,0.48,0.04,0,0
10/6/21,Snacks,2,2,1,1.5,0.75,100,1.5
10/7/21,Drinks,2,5,2.5,7.5,3.75,100,7.5
10/7/21,General Food,5,19,3.8,455.47,91.09,100,455.47
10/7/21,Meat/Fish,4,6,1.5,70,17.5,100,70
10/7/21,Pinless Recharge,2,2,1,12,6,0,0
10/7/21,Service Fees,10,0,0,3.02,0.3,0,0
10/8/21,Drinks,4,10,2.5,99,24.75,100,99
10/8/21,General Food,7,62,8.9,522.47,74.63,100,522.47
10/8/21,Meat/Fish,1,1,1,20,20,100,20
10/8/21,Service Fees,8,0,0,0.64,0.08,0,0
10/8/21,Snacks,2,5,2.5,2.5,1.25,100,2.5
10/9/21,Clothes,1,1,1,10,10,100,10
10/9/21,Drinks,4,5,1.3,40,10,100,40
10/9/21,General Food,14,97,6.9,560.95,40.06,100,560.95
10/9/21,Meat/Fish,1,3,3,50,50,100,50
10/9/21,Service Fees,14,0,0,2.37,0.16,0,0
10/9/21,Snacks,3,10,3.3,10,3.33,100,10
10/10/21,Condiments,1,1,1,3,3,100,3
10/10/21,Drinks,2,2,1,3,1.5,100,3
10/10/21,General Food,9,58,6.4,944.56,104.95,100,944.56
10/10/21,Meat/Fish,3,6,2,110,36.66,100,110
10/10/21,Service Fees,12,0,0,0.4,0.03,0,0
10/10/21,Snacks,3,7,2.3,7.75,2.58,100,7.75
10/11/21,Clothes,1,1,1,5,5,100,5
10/11/21,Drinks,1,3,3,35,35,100,35
10/11/21,General Food,12,163,13.6,1424,118.66,100,1424
10/11/21,Meat/Fish,2,3,1.5,60,30,100,60
10/11/21,Service Fees,13,0,0,2.76,0.21,0,0
10/11/21,Snacks,2,7,3.5,3.25,1.62,100,3.25
10/12/21,Cleaning&body,1,1,1,10,10,100,10
10/12/21,Drinks,1,2,2,2,2,100,2
10/12/21,General Food,5,60,12,425.32,85.06,100,425.32
10/12/21,Meat/Fish,5,9,1.8,170,34,100,170
10/12/21,Pinless Recharge,3,3,1,60,20,0,0
10/12/21,Service Fees,10,0,0,2.82,0.28,0,0
10/12/21,Snacks,1,10,10,10.25,10.25,100,10.25
10/13/21,Cleaning&body,1,2,2,18,18,100,18
10/13/21,Frozen,1,1,1,20,20,0,0
10/13/21,General Food,1,1,1,40,40,100,40
10/13/21,Service Fees,3,0,0,0,0,0,0
10/14/21,General Food,5,22,4.4,294.49,58.89,100,294.49
10/14/21,Service Fees,5,0,0,0.96,0.19,0,0
10/15/21,Drinks,1,2,2,3,3,100,3
10/15/21,General Food,6,49,8.2,207.58,34.59,100,207.58
10/15/21,Meat/Fish,2,4,2,70,35,100,70
10/15/21,Pinless Recharge,1,1,1,20,20,0,0
10/15/21,Service Fees,7,0,0,1.2,0.17,0,0
10/16/21,Drinks,3,5,1.7,39,13,100,39
10/16/21,General Food,8,68,8.5,500.47,62.55,100,500.47
10/16/21,Household,1,4,4,5,5,100,5
10/16/21,Meat/Fish,2,3,1.5,60,30,100,60
10/16/21,Service Fees,9,0,0,1.84,0.2,0,0
10/17/21,Drinks,3,8,2.7,107,35.66,100,107
10/17/21,General Food,15,163,10.9,1741.27,116.08,100,1741.27
10/17/21,Meat/Fish,3,5,1.7,60,20,100,60
10/17/21,Service Fees,16,0,0,2.02,0.12,0,0
10/17/21,Snacks,2,2,1,2,1,100,2
10/18/21,General Food,5,24,4.8,191.94,38.38,100,191.94
10/18/21,Meat/Fish,3,7,2.3,110,36.66,100,110
10/18/21,Service Fees,6,0,0,4.08,0.68,0,0
10/19/21,Drinks,1,2,2,69,69,100,69
10/19/21,General Food,9,44,4.9,658.86,73.2,100,658.86
10/19/21,Meat/Fish,1,2,2,20,20,100,20
10/19/21,Service Fees,9,0,0,1.45,0.16,0,0
10/20/21,Drinks,2,4,2,4.5,2.25,100,4.5
10/20/21,General Food,5,40,8,390.48,78.09,100,390.48
10/20/21,Meat/Fish,1,4,4,60,60,100,60
10/20/21,Service Fees,6,0,0,1,0.16,0,0
10/20/21,Snacks,1,12,12,6,6,100,6
10/21/21,General Food,3,12,4,89.49,29.83,100,89.49
10/21/21,Service Fees,4,0,0,1.6,0.4,0,0
10/21/21,Snacks,1,3,3,1.75,1.75,100,1.75
10/22/21,Drinks,2,4,2,4,2,100,4
10/22/21,General Food,10,71,7.1,860.74,86.07,100,860.74
10/22/21,Meat/Fish,6,13,2.2,220,36.66,100,220
10/22/21,Service Fees,15,0,0,4.88,0.32,0,0
10/22/21,Snacks,4,47,11.8,16.5,4.12,100,16.5
10/23/21,Drinks,1,1,1,1.75,1.75,100,1.75
10/23/21,General Food,17,125,7.4,1041.74,61.27,100,1041.74
10/23/21,Meat/Fish,7,20,2.9,330,47.14,100,330
10/23/21,Pinless Recharge,1,1,1,10,10,0,0
10/23/21,Service Fees,21,0,0,8.12,0.38,0,0
10/24/21,Cleaning&body,1,10,10,50,50,100,50
10/24/21,Drinks,3,5,1.7,105,35,100,105
10/24/21,General Food,8,44,5.5,1076.85,134.6,100,1076.85
10/24/21,Meat/Fish,1,2,2,40,40,100,40
10/24/21,Service Fees,10,0,0,3.72,0.37,0,0
10/24/21,Snacks,1,1,1,0.5,0.5,100,0.5
10/25/21,Cleaning&body,1,1,1,3,3,100,3
10/25/21,Drinks,2,4,2,72,36,100,72
10/25/21,General Food,7,39,5.6,418.6,59.8,100,418.6
10/25/21,Meat/Fish,2,2,1,40,20,100,40
10/25/21,Service Fees,7,0,0,6.15,0.87,0,0
10/26/21,General Food,3,27,9,192.99,64.33,100,192.99
10/26/21,Meat/Fish,1,5,5,100,100,100,100
10/26/21,Service Fees,4,0,0,7.72,1.93,0,0
10/27/21,General Food,2,14,7,299,149.5,100,299
10/27/21,Pinless Recharge,3,3,1,45,15,0,0
10/27/21,Service Fees,5,0,0,0,0,0,0
10/28/21,General Food,8,83,10.4,613.5,76.68,100,613.5
10/28/21,Meat/Fish,3,4,1.3,80,26.66,100,80
10/28/21,Pinless Recharge,1,1,1,10,10,0,0
10/28/21,Service Fees,9,0,0,3.74,0.41,0,0
10/29/21,Drinks,1,1,1,1.5,1.5,100,1.5
10/29/21,General Food,7,25,3.6,273.35,39.05,100,273.35
10/29/21,Meat/Fish,2,3,1.5,40,20,100,40
10/29/21,Pinless Recharge,2,2,1,9,4.5,0,0
10/29/21,Service Fees,10,0,0,4,0.4,0,0
10/29/21,Snacks,2,2,1,0.75,0.37,100,0.75
10/30/21,General Food,10,53,5.3,450.24,45.02,100,450.24
10/30/21,Meat/Fish,2,5,2.5,50,25,100,50
10/30/21,Service Fees,10,0,0,5.88,0.58,0,0
10/31/21,Drinks,1,2,2,3,3,100,3
10/31/21,General Food,4,16,4,139,34.75,100,139
10/31/21,Meat/Fish,2,3,1.5,60,30,100,60
10/31/21,Service Fees,5,0,0,0.48,0.09,0,0
10/31/21,Snacks,1,4,4,2,2,100,2
11/1/21,Drinks,2,3,1.5,70.5,35.25,100,70.5
11/1/21,General Food,4,27,6.8,517.73,129.43,100,517.73
11/1/21,Meat/Fish,2,8,4,160,80,100,160
11/1/21,Pinless Recharge,2,2,1,5,2.5,0,0
11/1/21,Service Fees,7,0,0,8.91,1.27,0,0
11/1/21,Snacks,2,4,2,3.5,1.75,100,3.5
11/2/21,Drinks,2,3,1.5,70.5,35.25,100,70.5
11/2/21,General Food,10,40,4,442.35,44.23,100,442.35
11/2/21,Meat/Fish,2,2,1,20,10,100,20
11/2/21,Pinless Recharge,1,1,1,2,2,0,0
11/2/21,Service Fees,11,0,0,0.96,0.08,0,0
11/2/21,Snacks,1,2,2,3,3,100,3
11/3/21,Drinks,1,2,2,2,2,100,2
11/3/21,General Food,6,39,6.5,958.72,159.78,100,958.72
11/3/21,Service Fees,6,0,0,1.8,0.3,0,0
11/3/21,Snacks,1,1,1,2.5,2.5,100,2.5
11/5/21,Drinks,1,3,3,3,3,100,3
11/5/21,General Food,3,30,10,437.64,145.88,100,437.64
11/5/21,Service Fees,3,0,0,9.02,3,0,0
11/6/21,Drinks,2,7,3.5,39,19.5,100,39
11/6/21,General Food,13,121,9.3,1112.3,85.56,100,1112.3
11/6/21,Household,2,2,1,47.98,23.99,100,47.98
11/6/21,Meat/Fish,3,4,1.3,70,23.33,100,70
11/6/21,Service Fees,13,0,0,7.55,0.58,0,0
11/6/21,Snacks,1,1,1,2.5,2.5,100,2.5
11/7/21,Drinks,1,3,3,5.25,5.25,100,5.25
11/7/21,General Food,6,37,6.2,493.53,82.25,100,493.53
11/7/21,Meat/Fish,2,2,1,30,15,100,30
11/7/21,Service Fees,6,0,0,0.64,0.1,0,0
11/7/21,Snacks,1,3,3,3.27,3.27,100,3.27
11/8/21,Drinks,6,9,1.5,82.5,13.75,100,82.5
11/8/21,General Food,9,96,10.7,935.05,103.89,100,935.05
11/8/21,Household,3,3,1,71.97,23.99,100,71.97
11/8/21,Meat/Fish,1,2,2,40,40,100,40
11/8/21,Service Fees,10,0,0,0,0,0,0
11/8/21,Snacks,3,5,1.7,10.09,3.36,100,10.09
11/9/21,Drinks,1,3,3,3,3,100,3
11/9/21,General Food,5,17,3.4,225.74,45.14,100,225.74
11/9/21,Meat/Fish,1,2,2,40,40,100,40
11/9/21,Pinless Recharge,1,1,1,20,20,0,0
11/9/21,Service Fees,6,0,0,2,0.33,0,0
11/10/21,Cleaning&body,1,3,3,28,28,100,28
11/10/21,Drinks,2,3,1.5,3.5,1.75,100,3.5
11/10/21,General Food,7,58,8.3,438.98,62.71,100,438.98
11/10/21,Meat/Fish,2,3,1.5,50,25,100,50
11/10/21,Pinless Recharge,2,2,1,22,11,0,0
11/10/21,Service Fees,11,0,0,2.08,0.18,0,0
11/10/21,Snacks,1,2,2,5,5,100,5
11/11/21,Cleaning&body,1,1,1,10.27,10.27,100,10.27
11/11/21,Condiments,1,3,3,4.5,4.5,100,4.5
11/11/21,Drinks,2,4,2,39.5,19.75,100,39.5
11/11/21,General Food,9,144,16,716.87,79.65,100,716.87
11/11/21,Meat/Fish,1,3,3,60,60,100,60
11/11/21,Service Fees,10,0,0,4.47,0.44,0,0
11/11/21,Snacks,2,2,1,10,5,100,10
11/12/21,Drinks,2,3,1.5,2.5,1.25,100,2.5
11/12/21,General Food,8,62,7.8,611.22,76.4,100,611.22
11/12/21,Meat/Fish,1,1,1,20,20,100,20
11/12/21,Service Fees,9,0,0,2.4,0.26,0,0
11/12/21,Snacks,2,3,1.5,1.25,0.62,100,1.25
11/13/21,Condiments,1,1,1,1.5,1.5,100,1.5
11/13/21,Drinks,2,4,2,6,3,100,6
11/13/21,General Food,10,78,7.8,559.56,55.95,100,559.56
11/13/21,Meat/Fish,3,6,2,70,23.33,100,70
11/13/21,Service Fees,10,0,0,5.6,0.56,0,0
11/13/21,Snacks,2,11,5.5,14.86,7.43,100,14.86
11/14/21,Drinks,1,1,1,1.75,1.75,100,1.75
11/14/21,General Food,7,19,2.7,152,21.71,100,152
11/14/21,Household,1,1,1,23.99,23.99,100,23.99
11/14/21,Service Fees,7,0,0,6.68,0.95,0,0
11/14/21,Snacks,2,2,1,1.19,0.59,100,1.19
11/15/21,Drinks,2,2,1,37,18.5,100,37
11/15/21,General Food,5,79,15.8,859.03,171.8,100,859.03
11/15/21,Meat/Fish,2,7,3.5,70,35,100,70
11/15/21,Service Fees,5,0,0,9.3,1.86,0,0
11/15/21,Snacks,4,13,3.3,9.27,2.31,100,9.27
11/16/21,General Food,3,23,7.7,181.56,60.52,100,181.56
11/16/21,Pinless Recharge,1,1,1,2,2,0,0
11/16/21,Service Fees,4,0,0,2.09,0.52,0,0
11/16/21,Snacks,1,2,2,0.5,0.5,100,0.5
11/17/21,Drinks,2,5,2.5,5.5,2.75,100,5.5
11/17/21,General Food,7,26,3.7,152.31,21.75,100,152.31
11/17/21,Meat/Fish,1,1,1,10,10,100,10
11/17/21,Service Fees,9,0,0,1,0.11,0,0
11/17/21,Snacks,3,6,2,9.27,3.09,100,9.27
11/18/21,Drinks,3,29,9.7,75,25,100,75
11/18/21,General Food,8,118,14.8,848.97,106.12,100,848.97
11/18/21,Meat/Fish,2,5,2.5,80,40,100,80
11/18/21,Service Fees,9,0,0,0.4,0.04,0,0
11/18/21,Snacks,1,2,2,1.59,1.59,100,1.59
11/19/21,Drinks,3,3,1,4,1.33,100,4
11/19/21,General Food,4,13,3.3,162.5,40.62,100,162.5
11/19/21,Pinless Recharge,1,1,1,3,3,0,0
11/19/21,Service Fees,5,0,0,0,0,0,0
11/19/21,Snacks,2,7,3.5,4.27,2.13,100,4.27
11/20/21,Drinks,2,3,1.5,1.5,0.75,100,1.5
11/20/21,General Food,8,37,4.6,245.15,30.64,100,245.15
11/20/21,Meat/Fish,1,1,1,20,20,100,20
11/20/21,Service Fees,8,0,0,6.83,0.85,0,0
11/20/21,Snacks,2,8,4,11.25,5.62,100,11.25
11/21/21,Drinks,1,1,1,2,2,100,2
11/21/21,General Food,7,62,8.9,718.38,102.62,100,718.38
11/21/21,Household,1,1,1,23.99,23.99,100,23.99
11/21/21,Meat/Fish,1,1,1,20,20,100,20
11/21/21,Service Fees,7,0,0,4.32,0.61,0,0
11/21/21,Snacks,1,2,2,2,2,100,2
11/22/21,Drinks,2,2,1,71,35.5,100,71
11/22/21,General Food,13,104,8,1027.78,79.06,100,1027.78
11/22/21,Meat/Fish,3,5,1.7,100,33.33,100,100
11/22/21,Service Fees,14,0,0,9.38,0.67,0,0
11/22/21,Snacks,2,7,3.5,6.99,3.49,100,6.99
11/23/21,Drinks,2,5,2.5,41,20.5,100,41
11/23/21,General Food,10,109,10.9,1078.38,107.83,100,1078.38
11/23/21,Meat/Fish,1,4,4,80,80,100,80
11/23/21,Service Fees,10,0,0,7.18,0.71,0,0
11/24/21,Cleaning&body,3,3,1,23,7.66,100,23
11/24/21,General Food,9,29,3.2,374.06,41.56,100,374.06
11/24/21,Meat/Fish,2,2,1,40,20,100,40
11/24/21,Pinless Recharge,1,1,1,25,25,0,0
11/24/21,Service Fees,14,0,0,11.06,0.79,0,0
11/24/21,Snacks,3,9,3,6,2,100,6
11/25/21,Cleaning&body,1,2,2,20,20,100,20
11/25/21,Drinks,1,1,1,1.5,1.5,100,1.5
11/25/21,General Food,14,37,2.6,541.73,38.69,100,541.73
11/25/21,Meat/Fish,2,3,1.5,60,30,100,60
11/25/21,Service Fees,14,0,0,3.8,0.27,0,0
11/25/21,Snacks,1,1,1,1.25,1.25,100,1.25
11/26/21,Drinks,2,3,1.5,4,2,100,4
11/26/21,General Food,8,108,13.5,726.09,90.76,100,726.09
11/26/21,Service Fees,8,0,0,8.58,1.07,0,0
11/27/21,Cleaning&body,1,1,1,8,8,100,8
11/27/21,Condiments,1,2,2,3,3,100,3
11/27/21,Drinks,2,6,3,74.5,37.25,100,74.5
11/27/21,General Food,11,123,11.2,770,70,100,770
11/27/21,Meat/Fish,8,19,2.4,320,40,100,320
11/27/21,Service Fees,11,0,0,0.6,0.05,0,0
11/27/21,Snacks,1,3,3,0.75,0.75,100,0.75
11/28/21,Drinks,1,4,4,6,6,100,6
11/28/21,General Food,3,8,2.7,148.09,49.36,100,148.09
11/28/21,Meat/Fish,1,2,2,30,30,100,30
11/28/21,Service Fees,4,0,0,0.08,0.02,0,0
11/28/21,Snacks,2,2,1,1,0.5,100,1
11/29/21,Drinks,2,3,1.5,6.5,3.25,100,6.5
11/29/21,General Food,6,130,21.7,686.42,114.4,100,686.42
11/29/21,Meat/Fish,3,8,2.7,130,43.33,100,130
11/29/21,Pinless Recharge,1,1,1,20,20,0,0
11/29/21,Service Fees,7,0,0,0,0,0,0
11/30/21,Cleaning&body,1,4,4,12,12,100,12
11/30/21,General Food,2,18,9,107.97,53.98,100,107.97
11/30/21,Meat/Fish,1,1,1,20,20,100,20
11/30/21,Service Fees,3,0,0,1.16,0.38,0,0
12/1/21,Condiments,1,2,2,3,3,100,3
12/1/21,Drinks,5,6,1.2,75.5,15.1,100,75.5
12/1/21,General Food,11,77,7,783.47,71.22,100,783.47
12/1/21,Meat/Fish,3,4,1.3,80,26.66,100,80
12/1/21,Pinless Recharge,1,1,1,20,20,0,0
12/1/21,Service Fees,13,0,0,3.65,0.28,0,0
12/1/21,Snacks,1,2,2,0.5,0.5,100,0.5
12/2/21,Drinks,3,3,1,37,12.33,100,37
12/2/21,General Food,9,72,8,806.93,89.65,100,806.93
12/2/21,Meat/Fish,3,5,1.7,100,33.33,100,100
12/2/21,Service Fees,10,0,0,4.24,0.42,0,0
12/2/21,Snacks,1,2,2,0.5,0.5,100,0.5
12/3/21,Drinks,2,6,3,6,3,100,6
12/3/21,General Food,6,34,5.7,454.98,75.83,100,454.98
12/3/21,Pinless Recharge,1,1,1,4,4,0,0
12/3/21,Service Fees,7,0,0,3.96,0.56,0,0
12/4/21,Drinks,2,4,2,4.75,2.37,100,4.75
12/4/21,General Food,4,26,6.5,286.25,71.56,100,286.25
12/4/21,Meat/Fish,2,5,2.5,60,30,100,60
12/4/21,Service Fees,4,0,0,6.48,1.62,0,0
12/5/21,Cleaning&body,1,2,2,6,6,100,6
12/5/21,Drinks,4,11,2.8,11,2.75,100,11
12/5/21,General Food,10,76,7.6,861.47,86.14,100,861.47
12/5/21,Meat/Fish,3,8,2.7,110,36.66,100,110
12/5/21,Service Fees,11,0,0,2.73,0.24,0,0
12/6/21,Drinks,2,5,2.5,40,20,100,40
12/6/21,General Food,10,93,9.3,1029.23,102.92,100,1029.23
12/6/21,Meat/Fish,1,2,2,20,20,100,20
12/6/21,Pinless Recharge,1,1,1,3,3,0,0
12/6/21,Service Fees,12,0,0,0,0,0,0
12/6/21,Snacks,2,6,3,1.5,0.75,100,1.5
12/7/21,Drinks,3,7,2.3,41,13.66,100,41
12/7/21,General Food,8,69,8.6,1056.14,132.01,100,1056.14
12/7/21,Meat/Fish,1,1,1,20,20,100,20
12/7/21,Service Fees,8,0,0,1.28,0.16,0,0
12/7/21,Snacks,2,5,2.5,2.5,1.25,100,2.5
12/8/21,Drinks,2,4,2,38,19,100,38
12/8/21,General Food,9,34,3.8,178.19,19.79,100,178.19
12/8/21,Meat/Fish,4,9,2.3,170,42.5,100,170
12/8/21,Service Fees,11,0,0,0.24,0.02,0,0
12/8/21,Snacks,4,9,2.3,15.25,3.81,100,15.25
12/9/21,Drinks,2,4,2,4,2,100,4
12/9/21,General Food,4,34,8.5,319.14,79.78,100,319.14
12/9/21,Pinless Recharge,1,1,1,10,10,0,0
12/9/21,Service Fees,5,0,0,0,0,0,0
12/10/21,Cleaning&body,1,2,2,3.99,3.99,100,3.99
12/10/21,Clothes,1,1,1,10,10,100,10
12/10/21,Drinks,3,5,1.7,74,24.66,100,74
12/10/21,General Food,9,51,5.7,722.31,80.25,100,722.31
12/10/21,Meat/Fish,3,5,1.7,100,33.33,100,100
12/10/21,Service Fees,11,0,0,4.64,0.42,0,0
12/11/21,Condiments,1,1,1,3,3,100,3
12/11/21,Drinks,2,2,1,2.5,1.25,100,2.5
12/11/21,General Food,14,109,7.8,836.4,59.74,100,836.4
12/11/21,Meat/Fish,2,2,1,30,15,100,30
12/11/21,Service Fees,14,0,0,9.12,0.65,0,0
12/11/21,Snacks,3,8,2.7,7,2.33,100,7
12/12/21,Drinks,1,1,1,0.75,0.75,100,0.75
12/12/21,General Food,7,53,7.6,589.44,84.2,100,589.44
12/12/21,Service Fees,8,0,0,3.8,0.47,0,0
12/13/21,Drinks,5,8,1.6,8,1.6,100,8
12/13/21,General Food,10,83,8.3,934.71,93.47,100,934.71
12/13/21,Meat/Fish,2,3,1.5,50,25,100,50
12/13/21,Pinless Recharge,2,2,1,30,15,0,0
12/13/21,Service Fees,12,0,0,3.05,0.25,0,0
12/13/21,Snacks,2,3,1.5,0.75,0.37,100,0.75
12/14/21,Cleaning&body,1,2,2,10,10,100,10
12/14/21,Drinks,4,12,3,82.5,20.62,100,82.5
12/14/21,General Food,9,37,4.1,535.63,59.51,100,535.63
12/14/21,Service Fees,9,0,0,0.6,0.06,0,0
12/14/21,Snacks,2,10,5,5.5,2.75,100,5.5
12/15/21,Drinks,2,5,2.5,39,19.5,100,39
12/15/21,General Food,6,22,3.7,310.96,51.82,100,310.96
12/15/21,Service Fees,6,0,0,0.64,0.1,0,0
12/16/21,Drinks,3,4,1.3,142,47.33,100,142
12/16/21,General Food,11,80,7.3,967.09,87.91,100,967.09
12/16/21,Service Fees,12,0,0,2.2,0.18,0,0
12/16/21,Snacks,4,21,5.3,18.75,4.68,100,18.75
12/17/21,Drinks,1,2,2,37,37,100,37
12/17/21,General Food,6,61,10.2,779.81,129.96,100,779.81
12/17/21,Household,1,1,1,23.99,23.99,100,23.99
12/17/21,Pinless Recharge,1,1,1,20,20,0,0
12/17/21,Service Fees,7,0,0,0,0,0,0
12/17/21,Snacks,1,1,1,1,1,100,1
12/18/21,Drinks,1,2,2,3.7,3.7,100,3.7
12/18/21,General Food,4,18,4.5,178.73,44.68,100,178.73
12/18/21,Service Fees,4,0,0,5.96,1.49,0,0
12/19/21,Condiments,1,5,5,7.5,7.5,100,7.5
12/19/21,General Food,10,68,6.8,746.46,74.64,100,746.46
12/19/21,Service Fees,10,0,0,9.04,0.9,0,0
12/20/21,General Food,6,15,2.5,121.01,20.16,100,121.01
12/20/21,Meat/Fish,1,1,1,20,20,100,20
12/20/21,Service Fees,6,0,0,4.08,0.68,0,0
12/20/21,Snacks,1,2,2,4,4,100,4
12/21/21,General Food,4,28,7,314.97,78.74,100,314.97
12/21/21,Meat/Fish,2,7,3.5,110,55,100,110
12/21/21,Service Fees,4,0,0,8,2,0,0
12/22/21,General Food,4,22,5.5,237.48,59.37,100,237.48
12/22/21,Service Fees,4,0,0,1.2,0.3,0,0
12/23/21,General Food,2,15,7.5,216.99,108.49,100,216.99
12/23/21,Meat/Fish,2,3,1.5,50,25,100,50
12/23/21,Pinless Recharge,1,1,1,10,10,0,0
12/23/21,Service Fees,4,0,0,2.8,0.7,0,0
12/24/21,Cleaning&body,1,1,1,8,8,100,8
12/24/21,General Food,13,83,6.4,675.99,51.99,100,675.99
12/24/21,Meat/Fish,8,14,1.8,230,28.75,100,230
12/24/21,Service Fees,17,0,0,11.52,0.67,0,0
12/24/21,Snacks,1,2,2,4,4,100,4
12/25/21,General Food,3,4,1.3,17,5.66,100,17
12/25/21,Meat/Fish,4,14,3.5,230,57.5,100,230
12/25/21,Service Fees,5,0,0,6.05,1.21,0,0
12/25/21,Snacks,1,1,1,0.25,0.25,100,0.25
12/26/21,Cleaning&body,1,11,11,55,55,100,55
12/26/21,General Food,9,34,3.8,316.25,35.13,100,316.25
12/26/21,Meat/Fish,1,2,2,30,30,100,30
12/26/21,Pinless Recharge,1,1,1,2,2,0,0
12/26/21,Service Fees,12,0,0,11.54,0.96,0,0
12/26/21,Snacks,1,6,6,5,5,100,5
12/27/21,Cleaning&body,1,2,2,6,6,100,6
12/27/21,Drinks,1,4,4,6,6,100,6
12/27/21,General Food,7,47,6.7,427.98,61.14,100,427.98
12/27/21,Service Fees,8,0,0,4.05,0.5,0,0
12/27/21,Snacks,3,6,2,7.25,2.41,100,7.25
12/28/21,General Food,4,10,2.5,56,14,100,56
12/28/21,Service Fees,4,0,0,0.8,0.2,0,0
12/29/21,General Food,6,26,4.3,291.5,48.58,100,291.5
12/29/21,Meat/Fish,2,4,2,50,25,100,50
12/29/21,Pinless Recharge,1,1,1,2,2,0,0
12/29/21,Service Fees,7,0,0,6.46,0.92,0,0
12/30/21,Condiments,1,3,3,4.5,4.5,100,4.5
12/30/21,Drinks,1,1,1,1.5,1.5,100,1.5
12/30/21,General Food,7,51,7.3,371.98,53.14,100,371.98
12/30/21,Meat/Fish,3,9,3,90,30,100,90
12/30/21,Service Fees,8,0,0,4.94,0.61,0,0
12/30/21,Snacks,1,5,5,7.5,7.5,100,7.5
12/31/21,Cleaning&body,1,1,1,18,18,100,18
12/31/21,Drinks,2,7,3.5,11,5.5,100,11
12/31/21,General Food,9,26,2.9,276.38,30.7,100,276.38
12/31/21,Meat/Fish,2,2,1,23.5,11.75,100,23.5
12/31/21,Pinless Recharge,3,3,1,9,3,0,0
12/31/21,Service Fees,14,0,0,8.2,0.58,0,0
1/2/22,Cleaning&body,1,3,3,27,27,100,27
1/2/22,General Food,1,2,2,6,6,100,6
1/2/22,Service Fees,1,0,0,1.32,1.32,0,0
1/3/22,General Food,2,27,13.5,365.39,182.69,100,365.39
1/3/22,Meat/Fish,1,1,1,10,10,100,10
1/3/22,Service Fees,2,0,0,0,0,0,0
1/3/22,Snacks,2,6,3,5.25,2.62,100,5.25
1/4/22,Drinks,2,2,1,2,1,100,2
1/4/22,General Food,4,19,4.8,168.75,42.18,100,168.75
1/4/22,Pinless Recharge,1,1,1,5,5,0,0
1/4/22,Service Fees,4,0,0,0.68,0.17,0,0
1/4/22,Snacks,2,4,2,2.25,1.12,100,2.25
1/5/22,Drinks,1,2,2,2,2,100,2
1/5/22,General Food,2,16,8,497.22,248.61,100,497.22
1/5/22,Pinless Recharge,1,1,1,20,20,0,0
1/5/22,Service Fees,4,0,0,0,0,0,0
1/5/22,Snacks,2,3,1.5,4.09,2.04,100,4.09
1/6/22,Drinks,1,1,1,35,35,100,35
1/6/22,General Food,12,66,5.5,931.98,77.66,100,931.98
1/6/22,Meat/Fish,3,5,1.7,60,20,100,60
1/6/22,Service Fees,13,0,0,10.8,0.83,0,0
1/6/22,Snacks,3,4,1.3,9.25,3.08,100,9.25
1/7/22,General Food,5,38,7.6,381,76.2,100,381
1/7/22,Meat/Fish,1,2,2,40,40,100,40
1/7/22,Service Fees,5,0,0,0,0,0,0
1/8/22,Cleaning&body,1,2,2,21,21,100,21
1/8/22,Drinks,3,5,1.7,39.5,13.16,100,39.5
1/8/22,General Food,10,56,5.6,292,29.2,100,292
1/8/22,Meat/Fish,1,1,1,10,10,100,10
1/8/22,Service Fees,10,0,0,3.33,0.33,0,0
1/8/22,Snacks,2,4,2,5,2.5,100,5
1/9/22,Cleaning&body,1,1,1,13,13,100,13
1/9/22,Drinks,6,7,1.2,75,12.5,100,75
1/9/22,General Food,16,81,5.1,1016.46,63.52,100,1016.46
1/9/22,Meat/Fish,4,4,1,80,20,100,80
1/9/22,Service Fees,16,0,0,8.37,0.52,0,0
1/10/22,Cleaning&body,1,1,1,8,8,100,8
1/10/22,Drinks,1,3,3,3,3,100,3
1/10/22,General Food,4,20,5,270.44,67.61,100,270.44
1/10/22,Service Fees,4,0,0,1.44,0.36,0,0
1/10/22,Snacks,1,3,3,3,3,100,3
1/11/22,Drinks,1,3,3,4,4,100,4
1/11/22,General Food,3,5,1.7,124.26,41.42,100,124.26
1/11/22,Service Fees,3,0,0,0.72,0.24,0,0
1/12/22,Drinks,4,5,1.3,46.5,11.62,100,46.5
1/12/22,General Food,9,59,6.6,547.23,60.8,100,547.23
1/12/22,Meat/Fish,1,1,1,10,10,100,10
1/12/22,Service Fees,9,0,0,3.12,0.34,0,0
1/13/22,Drinks,3,9,3,17.5,5.83,100,17.5
1/13/22,General Food,9,61,6.8,546.64,60.73,100,546.64
1/13/22,Meat/Fish,1,2,2,30,30,100,30
1/13/22,Service Fees,9,0,0,1.92,0.21,0,0
1/13/22,Snacks,4,13,3.3,17.75,4.43,100,17.75
1/14/22,Drinks,4,9,2.3,14.75,3.68,100,14.75
1/14/22,Frozen,1,1,1,5.5,5.5,100,5.5
1/14/22,General Food,9,54,6,753.76,83.75,100,753.76
1/14/22,Meat/Fish,2,2,1,30,15,100,30
1/14/22,Pinless Recharge,1,1,1,10,10,0,0
1/14/22,Service Fees,11,0,0,7.02,0.63,0,0
1/14/22,Snacks,3,7,2.3,13,4.33,100,13
1/15/22,Drinks,1,3,3,38,38,100,38
1/15/22,General Food,9,77,8.6,753.17,83.68,100,753.17
1/15/22,Meat/Fish,1,1,1,20,20,100,20
1/15/22,Service Fees,9,0,0,3.88,0.43,0,0
1/15/22,Snacks,3,7,2.3,3,1,100,3
1/16/22,Cleaning&body,1,1,1,5,5,100,5
1/16/22,Drinks,1,1,1,1,1,100,1
1/16/22,General Food,5,42,8.4,347.23,69.44,100,347.23
1/16/22,Meat/Fish,3,4,1.3,50,16.66,100,50
1/16/22,Service Fees,5,0,0,2.78,0.55,0,0
1/16/22,Snacks,1,4,4,6,6,100,6
1/17/22,Drinks,2,2,1,2.5,1.25,100,2.5
1/17/22,General Food,2,19,9.5,147.74,73.87,100,147.74
1/17/22,Service Fees,3,0,0,0,0,0,0
1/17/22,Snacks,2,8,4,10,5,100,10
1/18/22,General Food,3,7,2.3,78.4,26.13,100,78.4
1/18/22,Service Fees,3,0,0,0.52,0.17,0,0
1/19/22,Drinks,1,1,1,7,7,100,7
1/19/22,General Food,4,32,8,322.29,80.57,100,322.29
1/19/22,Service Fees,4,0,0,0,0,0,0
1/19/22,Snacks,3,7,2.3,16.5,5.5,100,16.5
1/20/22,General Food,3,6,2,36,12,100,36
1/20/22,Service Fees,3,0,0,0.24,0.08,0,0
1/21/22,Drinks,1,3,3,3,3,100,3
1/21/22,General Food,6,40,6.7,250.49,41.74,100,250.49
1/21/22,Meat/Fish,3,5,1.7,70,23.33,100,70
1/21/22,Service Fees,7,0,0,7.4,1.05,0,0
1/21/22,Snacks,1,2,2,1,1,100,1
1/22/22,Cleaning&body,2,2,1,31,15.5,100,31
1/22/22,General Food,8,57,7.1,371.88,46.48,100,371.88
1/22/22,Meat/Fish,1,3,3,60,60,100,60
1/22/22,Service Fees,11,0,0,7,0.63,0,0
1/22/22,Snacks,3,15,5,18.5,6.16,100,18.5
1/23/22,Drinks,1,1,1,36,36,100,36
1/23/22,General Food,6,52,8.7,560.9,93.48,100,560.9
1/23/22,Meat/Fish,1,3,3,50,50,100,50
1/23/22,Service Fees,6,0,0,0.46,0.07,0,0
1/23/22,Snacks,2,9,4.5,11,5.5,100,11
1/24/22,Drinks,2,5,2.5,7,3.5,100,7
1/24/22,General Food,4,31,7.8,340.85,85.21,100,340.85
1/24/22,Service Fees,4,0,0,0.89,0.22,0,0
1/25/22,General Food,1,4,4,19,19,100,19
1/25/22,Service Fees,1,0,0,0.76,0.76,0,0
1/26/22,Cleaning&body,1,1,1,8,8,100,8
1/26/22,Condiments,1,3,3,4.5,4.5,100,4.5
1/26/22,General Food,4,70,17.5,526.02,131.5,100,526.02
1/26/22,Meat/Fish,2,3,1.5,60,30,100,60
1/26/22,Service Fees,5,0,0,0.4,0.08,0,0
1/26/22,Snacks,2,6,3,8,4,100,8
1/27/22,Drinks,1,1,1,36,36,100,36
1/27/22,General Food,5,19,3.8,164,32.8,100,164
1/27/22,Service Fees,5,0,0,2.82,0.56,0,0
1/28/22,Clothes,1,3,3,30,30,100,30
1/28/22,General Food,5,10,2,227.25,45.45,100,227.25
1/28/22,Meat/Fish,1,1,1,10,10,100,10
1/28/22,Service Fees,5,0,0,9.95,1.99,0,0
1/28/22,Snacks,1,1,1,1,1,100,1
1/29/22,Cleaning&body,1,2,2,10,10,100,10
1/29/22,Drinks,1,1,1,35,35,100,35
1/29/22,General Food,11,53,4.8,476.71,43.33,100,476.71
1/29/22,Meat/Fish,3,6,2,120,40,100,120
1/29/22,Service Fees,12,0,0,8.16,0.68,0,0
1/29/22,Snacks,2,11,5.5,4.25,2.12,100,4.25
1/30/22,Cleaning&body,2,3,1.5,31,15.5,100,31
1/30/22,Drinks,1,1,1,1,1,100,1
1/30/22,General Food,3,6,2,193.01,64.33,100,193.01
1/30/22,Meat/Fish,1,1,1,10,10,100,10
1/30/22,Service Fees,6,0,0,5.81,0.96,0,0
1/30/22,Snacks,1,3,3,0.75,0.75,100,0.75
1/31/22,Drinks,2,5,2.5,41.75,20.87,100,41.75
1/31/22,General Food,6,39,6.5,689.7,114.95,100,689.7
1/31/22,Household,1,1,1,4,4,100,4
1/31/22,Meat/Fish,2,6,3,110,55,100,110
1/31/22,Service Fees,6,0,0,3.04,0.5,0,0
2/1/22,Cleaning&body,2,4,2,26,13,100,26
2/1/22,Drinks,2,3,1.5,2.75,1.37,100,2.75
2/1/22,General Food,8,79,9.9,791.71,98.96,100,791.71
2/1/22,Meat/Fish,7,10,1.4,130,18.57,100,130
2/1/22,Service Fees,11,0,0,8.03,0.73,0,0
2/2/22,Drinks,4,6,1.5,143,35.75,100,143
2/2/22,General Food,12,108,9,1083.66,90.3,100,1083.66
2/2/22,Meat/Fish,4,4,1,60,15,100,60
2/2/22,Service Fees,13,0,0,8.21,0.63,0,0
2/2/22,Snacks,2,5,2.5,1.75,0.87,100,1.75
2/3/22,General Food,4,38,9.5,302.75,75.68,100,302.75
2/3/22,Meat/Fish,2,2,1,40,20,100,40
2/3/22,Service Fees,4,0,0,1.92,0.48,0,0
2/4/22,Drinks,2,6,3,6,3,100,6
2/4/22,General Food,3,107,35.7,589.18,196.39,100,589.18
2/4/22,Service Fees,3,0,0,0,0,0,0
2/4/22,Snacks,2,12,6,17.5,8.75,100,17.5
2/5/22,Drinks,4,4,1,106.5,26.62,100,106.5
2/5/22,General Food,8,89,11.1,716.54,89.56,100,716.54
2/5/22,Household,1,1,1,23.99,23.99,100,23.99
2/5/22,Meat/Fish,5,8,1.6,83.5,16.7,100,83.5
2/5/22,Service Fees,9,0,0,6.61,0.73,0,0
2/5/22,Snacks,2,6,3,6,3,100,6
2/6/22,Cleaning&body,2,2,1,10,5,100,10
2/6/22,Drinks,2,2,1,16,8,100,16
2/6/22,General Food,8,54,6.8,452.2,56.52,100,452.2
2/6/22,Service Fees,10,0,0,6.4,0.64,0,0
2/6/22,Snacks,2,7,3.5,4.5,2.25,100,4.5
2/7/22,Cleaning&body,1,1,1,10,10,100,10
2/7/22,Condiments,2,9,4.5,13.5,6.75,100,13.5
2/7/22,Drinks,1,3,3,3,3,100,3
2/7/22,General Food,9,85,9.4,1057.53,117.5,100,1057.53
2/7/22,Household,1,3,3,12,12,100,12
2/7/22,Meat/Fish,1,1,1,10,10,100,10
2/7/22,Pinless Recharge,1,1,1,4,4,0,0
2/7/22,Service Fees,10,0,0,1.74,0.17,0,0
2/7/22,Snacks,2,11,5.5,14.9,7.45,100,14.9
2/8/22,Drinks,3,3,1,72,24,100,72
2/8/22,General Food,10,59,5.9,696.68,69.66,100,696.68
2/8/22,Meat/Fish,1,2,2,20,20,100,20
2/8/22,Service Fees,11,0,0,1.12,0.1,0,0
2/8/22,Snacks,5,13,2.6,20.25,4.05,100,20.25
2/8/22,Tobacco,3,3,1,6,2,100,6
2/9/22,Drinks,1,1,1,1,1,100,1
2/9/22,General Food,7,75,10.7,707.1,101.01,100,707.1
2/9/22,Service Fees,7,0,0,0,0,0,0
2/9/22,Snacks,2,4,2,8,4,100,8
2/10/22,Cleaning&body,1,1,1,3,3,100,3
2/10/22,General Food,9,43,4.8,678.83,75.42,100,678.83
2/10/22,Service Fees,9,0,0,3.79,0.42,0,0
2/10/22,Snacks,3,10,3.3,11.25,3.75,100,11.25
2/11/22,Drinks,3,9,3,76.75,25.58,100,76.75
2/11/22,General Food,10,72,7.2,462.42,46.24,100,462.42
2/11/22,Meat/Fish,3,3,1,40,13.33,100,40
2/11/22,Service Fees,10,0,0,4.18,0.41,0,0
2/11/22,Snacks,1,7,7,11.5,11.5,100,11.5
2/12/22,Cleaning&body,1,2,2,21,21,100,21
2/12/22,Drinks,6,8,1.3,77.5,12.91,100,77.5
2/12/22,General Food,15,119,7.9,1247.12,83.14,100,1247.12
2/12/22,Meat/Fish,7,12,1.7,190,27.14,100,190
2/12/22,Service Fees,16,0,0,5.49,0.34,0,0
2/12/22,Snacks,2,4,2,4,2,100,4
2/13/22,General Food,1,2,2,64.99,64.99,100,64.99
2/13/22,Service Fees,1,0,0,2.6,2.6,0,0
2/14/22,Cleaning&body,2,3,1.5,46,23,100,46
2/14/22,General Food,7,31,4.4,726.22,103.74,100,726.22
2/14/22,Meat/Fish,4,5,1.3,80,20,100,80
2/14/22,Service Fees,10,0,0,5.12,0.51,0,0
2/15/22,Drinks,5,9,1.8,76,15.2,100,76
2/15/22,General Food,10,57,5.7,644.51,64.45,100,644.51
2/15/22,Meat/Fish,3,4,1.3,70,23.33,100,70
2/15/22,Service Fees,11,0,0,6.76,0.61,0,0
2/15/22,Snacks,3,7,2.3,4.75,1.58,100,4.75
2/16/22,General Food,6,47,7.8,461.5,76.91,100,461.5
2/16/22,Service Fees,6,0,0,0.64,0.1,0,0
2/17/22,Drinks,1,2,2,2,2,100,2
2/17/22,General Food,4,23,5.8,492.93,123.23,100,492.93
2/17/22,Meat/Fish,1,5,5,80,80,100,80
2/17/22,Service Fees,5,0,0,10,2,0,0
2/18/22,Drinks,1,1,1,40,40,100,40
2/18/22,General Food,5,28,5.6,264.93,52.98,100,264.93
2/18/22,Meat/Fish,1,2,2,20,20,100,20
2/18/22,Pinless Recharge,1,1,1,20,20,0,0
2/18/22,Service Fees,6,0,0,4.94,0.82,0,0
2/19/22,Drinks,1,1,1,40,40,100,40
2/19/22,General Food,7,41,5.9,580.13,82.87,100,580.13
2/19/22,Meat/Fish,1,1,1,10,10,100,10
2/19/22,Service Fees,7,0,0,2.45,0.35,0,0
2/20/22,Drinks,2,6,3,86,43,100,86
2/20/22,General Food,10,75,7.5,617.24,61.72,100,617.24
2/20/22,Meat/Fish,5,8,1.6,150,30,100,150
2/20/22,Service Fees,11,0,0,13.38,1.21,0,0
2/21/22,General Food,6,43,7.2,348.95,58.15,100,348.95
2/21/22,Meat/Fish,1,3,3,30,30,100,30
2/21/22,Pinless Recharge,1,1,1,5,5,0,0
2/21/22,Service Fees,7,0,0,1.84,0.26,0,0
2/21/22,Snacks,1,2,2,2,2,100,2
2/22/22,General Food,8,59,7.4,410.61,51.32,100,410.61
2/22/22,Meat/Fish,2,3,1.5,30,15,100,30
2/22/22,Service Fees,8,0,0,3.96,0.49,0,0
2/23/22,General Food,2,7,3.5,39,19.5,100,39
2/23/22,Service Fees,2,0,0,0.8,0.4,0,0
2/24/22,Drinks,1,3,3,120,120,100,120
2/24/22,General Food,8,60,7.5,869.05,108.63,100,869.05
2/24/22,Meat/Fish,4,9,2.3,140,35,100,140
2/24/22,Service Fees,9,0,0,5.52,0.61,0,0
2/25/22,Drinks,1,1,1,40,40,100,40
2/25/22,General Food,4,24,6,252.36,63.09,100,252.36
2/25/22,Pinless Recharge,2,2,1,15,7.5,0,0
2/25/22,Service Fees,6,0,0,0,0,0,0
2/25/22,Snacks,1,4,4,5.5,5.5,100,5.5
2/26/22,General Food,2,10,5,387.52,193.76,100,387.52
2/26/22,Meat/Fish,1,1,1,10,10,100,10
2/26/22,Pinless Recharge,1,1,1,10,10,0,0
2/26/22,Service Fees,3,0,0,0,0,0,0
2/27/22,Drinks,1,2,2,3.5,3.5,100,3.5
2/27/22,General Food,8,27,3.4,345.48,43.18,100,345.48
2/27/22,Meat/Fish,1,2,2,20,20,100,20
2/27/22,Service Fees,8,0,0,6.24,0.78,0,0
2/28/22,Cleaning&body,2,5,2.5,30,15,100,30
2/28/22,Drinks,1,3,3,5.25,5.25,100,5.25
2/28/22,General Food,3,23,7.7,101.69,33.89,100,101.69
2/28/22,Pinless Recharge,1,1,1,10,10,0,0
2/28/22,Service Fees,5,0,0,5.72,1.14,0,0
2/28/22,Snacks,1,12,12,6,6,100,6
3/1/22,General Food,1,4,4,23.49,23.49,100,23.49
3/1/22,Service Fees,1,0,0,0,0,0,0
3/2/22,Drinks,2,2,1,41,20.5,100,41
3/2/22,General Food,2,7,3.5,217,108.5,100,217
3/2/22,Meat/Fish,1,1,1,10,10,100,10
3/2/22,Service Fees,3,0,0,1.08,0.36,0,0
3/3/22,Drinks,2,6,3,45,22.5,100,45
3/3/22,General Food,5,57,11.4,394.54,78.9,100,394.54
3/3/22,Meat/Fish,1,6,6,67,67,100,67
3/3/22,Service Fees,7,0,0,3.36,0.48,0,0
3/3/22,Snacks,1,3,3,3,3,100,3
3/4/22,General Food,10,53,5.3,419.89,41.98,100,419.89
3/4/22,Meat/Fish,2,5,2.5,80,40,100,80
3/4/22,Service Fees,10,0,0,3.62,0.36,0,0
3/5/22,Drinks,1,2,2,37,37,100,37
3/5/22,General Food,4,30,7.5,441.26,110.31,100,441.26
3/5/22,Meat/Fish,4,5,1.3,80,20,100,80
3/5/22,Service Fees,5,0,0,0.8,0.16,0,0
3/6/22,Cleaning&body,1,1,1,13,13,100,13
3/6/22,Drinks,2,6,3,45,22.5,100,45
3/6/22,General Food,12,58,4.8,535.33,44.61,100,535.33
3/6/22,Meat/Fish,5,5,1,80,16,100,80
3/6/22,Service Fees,12,0,0,1.94,0.16,0,0
3/7/22,Drinks,4,4,1,82,20.5,100,82
3/7/22,General Food,6,45,7.5,502.75,83.79,100,502.75
3/7/22,Meat/Fish,4,9,2.3,110,27.5,100,110
3/7/22,Service Fees,6,0,0,3.08,0.51,0,0
3/8/22,Drinks,6,10,1.7,119,19.83,100,119
3/8/22,General Food,11,70,6.4,689,62.63,100,689
3/8/22,Meat/Fish,6,9,1.5,130,21.66,100,130
3/8/22,Service Fees,12,0,0,6.68,0.55,0,0
3/8/22,Snacks,2,3,1.5,1.25,0.62,100,1.25
3/9/22,Drinks,1,1,1,36,36,100,36
3/9/22,General Food,7,51,7.3,494.47,70.63,100,494.47
3/9/22,Meat/Fish,2,8,4,90,45,100,90
3/9/22,Service Fees,7,0,0,1.2,0.17,0,0
3/9/22,Snacks,1,1,1,0.25,0.25,100,0.25
3/10/22,Cleaning&body,1,2,2,16,16,100,16
3/10/22,Drinks,3,5,1.7,114,38,100,114
3/10/22,General Food,15,127,8.5,1107.46,73.83,100,1107.46
3/10/22,Meat/Fish,5,7,1.4,120,24,100,120
3/10/22,Service Fees,18,0,0,5.69,0.31,0,0
3/10/22,Snacks,4,5,1.3,5,1.25,100,5
3/11/22,General Food,8,36,4.5,372.99,46.62,100,372.99
3/11/22,Meat/Fish,2,4,2,50,25,100,50
3/11/22,Pinless Recharge,2,2,1,25,12.5,0,0
3/11/22,Service Fees,10,0,0,2.3,0.23,0,0
3/12/22,Drinks,1,4,4,160,160,100,160
3/12/22,General Food,8,66,8.3,441.26,55.15,100,441.26
3/12/22,Meat/Fish,2,3,1.5,30,15,100,30
3/12/22,Service Fees,9,0,0,6.14,0.68,0,0
3/12/22,Snacks,1,2,2,2,2,100,2
3/13/22,Clothes,1,1,1,10,10,100,10
3/13/22,Drinks,1,1,1,1,1,100,1
3/13/22,General Food,3,11,3.7,121,40.33,100,121
3/13/22,Meat/Fish,1,1,1,10,10,100,10
3/13/22,Service Fees,3,0,0,0.8,0.26,0,0
3/14/22,Drinks,3,4,1.3,39,13,100,39
3/14/22,General Food,13,117,9,1273.93,97.99,100,1273.93
3/14/22,Household,1,1,1,4,4,100,4
3/14/22,Meat/Fish,9,13,1.4,200,22.22,100,200
3/14/22,Service Fees,14,0,0,7.32,0.52,0,0
3/15/22,Drinks,1,1,1,40,40,100,40
3/15/22,General Food,6,19,3.2,652.74,108.79,100,652.74
3/15/22,Service Fees,6,0,0,4.8,0.8,0,0
3/16/22,Drinks,1,1,1,1,1,100,1
3/16/22,General Food,5,35,7,232.75,46.55,100,232.75
3/16/22,Meat/Fish,1,1,1,10,10,100,10
3/16/22,Service Fees,5,0,0,0,0,0,0
3/16/22,Snacks,3,8,2.7,3.75,1.25,100,3.75
3/17/22,General Food,3,9,3,237.25,79.08,100,237.25
3/17/22,Meat/Fish,2,2,1,40,20,100,40
3/17/22,Pinless Recharge,2,2,1,8,4,0,0
3/17/22,Service Fees,6,0,0,3.28,0.54,0,0
3/18/22,Drinks,3,6,2,120.5,40.16,100,120.5
3/18/22,General Food,13,83,6.4,1114.97,85.76,100,1114.97
3/18/22,Meat/Fish,5,8,1.6,80,16,100,80
3/18/22,Service Fees,14,0,0,2.52,0.18,0,0
3/18/22,Snacks,4,12,3,8.75,2.18,100,8.75
3/19/22,General Food,11,83,7.5,573.11,52.1,100,573.11
3/19/22,Meat/Fish,4,6,1.5,60,15,100,60
3/19/22,Service Fees,11,0,0,3.63,0.33,0,0
3/19/22,Snacks,2,7,3.5,8.5,4.25,100,8.5
3/20/22,Cleaning&body,1,1,1,2,2,100,2
3/20/22,Drinks,1,10,10,84,84,100,84
3/20/22,General Food,6,36,6,266.75,44.45,100,266.75
3/20/22,Meat/Fish,1,1,1,20,20,100,20
3/20/22,Service Fees,6,0,0,4.12,0.68,0,0
3/20/22,Tobacco,1,1,1,2,2,100,2
3/21/22,Cleaning&body,1,1,1,5.5,5.5,100,5.5
3/21/22,Drinks,2,5,2.5,79,39.5,100,79
3/21/22,General Food,5,54,10.8,403.47,80.69,100,403.47
3/21/22,Meat/Fish,2,4,2,70,35,100,70
3/21/22,Pinless Recharge,1,1,1,5,5,0,0
3/21/22,Service Fees,7,0,0,1.7,0.24,0,0
3/21/22,Snacks,1,3,3,3,3,100,3
3/22/22,Drinks,3,4,1.3,4.75,1.58,100,4.75
3/22/22,General Food,5,27,5.4,147.48,29.49,100,147.48
3/22/22,Meat/Fish,5,9,1.8,130,26,100,130
3/22/22,Service Fees,6,0,0,1.27,0.21,0,0
3/22/22,Snacks,1,3,3,2.25,2.25,100,2.25
3/23/22,Drinks,2,7,3.5,85,42.5,100,85
3/23/22,General Food,9,34,3.8,219.48,24.38,100,219.48
3/23/22,Meat/Fish,5,7,1.4,120,24,100,120
3/23/22,Pinless Recharge,1,1,1,10,10,0,0
3/23/22,Service Fees,10,0,0,8.7,0.87,0,0
3/24/22,Cleaning&body,1,1,1,5,5,100,5
3/24/22,Drinks,4,7,1.8,120,30,100,120
3/24/22,General Food,14,63,4.5,1002.48,71.6,100,1002.48
3/24/22,Meat/Fish,5,8,1.6,130,26,100,130
3/24/22,Service Fees,16,0,0,11.84,0.74,0,0
3/24/22,Snacks,3,15,5,17.5,5.83,100,17.5
3/25/22,Drinks,1,1,1,1.5,1.5,100,1.5
3/25/22,General Food,5,35,7,216.98,43.39,100,216.98
3/25/22,Meat/Fish,1,1,1,10,10,100,10
3/25/22,Service Fees,6,0,0,3.84,0.64,0,0
3/26/22,Drinks,2,4,2,121,60.5,100,121
3/26/22,General Food,6,23,3.8,193.48,32.24,100,193.48
3/26/22,Meat/Fish,2,2,1,30,15,100,30
3/26/22,Service Fees,7,0,0,9.98,1.42,0,0
3/27/22,General Food,1,2,2,14,14,100,14
3/27/22,Service Fees,1,0,0,0,0,0,0
3/28/22,General Food,4,12,3,198.26,49.56,100,198.26
3/28/22,Meat/Fish,1,2,2,20,20,100,20
3/28/22,Service Fees,4,0,0,1.4,0.35,0,0
3/29/22,General Food,5,29,5.8,221.48,44.29,100,221.48
3/29/22,Meat/Fish,1,2,2,30,30,100,30
3/29/22,Service Fees,5,0,0,7.62,1.52,0,0
3/30/22,General Food,4,17,4.3,219.98,54.99,100,219.98
3/30/22,Meat/Fish,3,3,1,40,13.33,100,40
3/30/22,Service Fees,4,0,0,1.48,0.37,0,0
3/31/22,Cleaning&body,1,1,1,3,3,100,3
3/31/22,Drinks,1,1,1,1,1,100,1
3/31/22,General Food,7,31,4.4,132,18.85,100,132
3/31/22,Meat/Fish,5,10,2,160,32,100,160
3/31/22,Service Fees,7,0,0,4,0.57,0,0
3/31/22,Snacks,1,1,1,0.25,0.25,100,0.25
4/1/22,Drinks,3,3,1,81,27,100,81
4/1/22,General Food,8,53,6.6,284.96,35.62,100,284.96
4/1/22,Meat/Fish,5,12,2.4,133.5,26.7,100,133.5
4/1/22,Pinless Recharge,1,1,1,60,60,0,0
4/1/22,Service Fees,11,0,0,11.56,1.05,0,0
4/1/22,Snacks,1,4,4,5,5,100,5
4/2/22,General Food,8,17,2.1,156.58,19.57,100,156.58
4/2/22,Meat/Fish,3,3,1,60,20,100,60
4/2/22,Service Fees,8,0,0,5.2,0.65,0,0
4/3/22,General Food,2,9,4.5,66.98,33.49,100,66.98
4/3/22,Meat/Fish,2,4,2,50,25,100,50
4/3/22,Service Fees,2,0,0,0.68,0.34,0,0
4/4/22,General Food,5,22,4.4,222.26,44.45,100,222.26
4/4/22,Meat/Fish,3,4,1.3,60,20,100,60
4/4/22,Misc.,1,1,1,15,15,100,15
4/4/22,Pinless Recharge,1,1,1,10,10,0,0
4/4/22,Service Fees,7,0,0,1.08,0.15,0,0
4/4/22,Snacks,1,1,1,0.5,0.5,100,0.5
4/5/22,Cleaning&body,1,2,2,25,25,100,25
4/5/22,Drinks,2,4,2,41.25,20.62,100,41.25
4/5/22,General Food,8,60,7.5,838.24,104.78,100,838.24
4/5/22,Meat/Fish,4,7,1.8,100,25,100,100
4/5/22,Service Fees,9,0,0,2,0.22,0,0
4/5/22,Snacks,1,8,8,12,12,100,12
4/6/22,Drinks,1,2,2,2,2,100,2
4/6/22,General Food,7,44,6.3,482.85,68.97,100,482.85
4/6/22,Meat/Fish,4,5,1.3,70,17.5,100,70
4/6/22,Service Fees,8,0,0,2.6,0.32,0,0
4/7/22,Drinks,5,6,1.2,193,38.6,100,193
4/7/22,General Food,11,59,5.4,448.46,40.76,100,448.46
4/7/22,Meat/Fish,7,7,1,100,14.28,100,100
4/7/22,Pinless Recharge,1,1,1,5,5,0,0
4/7/22,Service Fees,13,0,0,0.5,0.03,0,0
4/7/22,Snacks,3,7,2.3,4.5,1.5,100,4.5
4/8/22,Drinks,5,7,1.4,203.5,40.7,100,203.5
4/8/22,General Food,7,32,4.6,367.24,52.46,100,367.24
4/8/22,Meat/Fish,4,5,1.3,70,17.5,100,70
4/8/22,Service Fees,9,0,0,8.69,0.96,0,0
4/9/22,Cleaning&body,1,1,1,5,5,100,5
4/9/22,Drinks,3,9,3,90,30,100,90
4/9/22,General Food,15,83,5.5,890.74,59.38,100,890.74
4/9/22,Household,1,1,1,40,40,100,40
4/9/22,Meat/Fish,4,8,2,80,20,100,80
4/9/22,Service Fees,15,0,0,11.81,0.78,0,0
4/9/22,Snacks,2,3,1.5,2.5,1.25,100,2.5
4/10/22,General Food,4,28,7,307.31,76.82,100,307.31
4/10/22,Meat/Fish,2,2,1,20,10,100,20
4/10/22,Service Fees,4,0,0,4.47,1.11,0,0
4/11/22,Drinks,4,6,1.5,162,40.5,100,162
4/11/22,General Food,5,41,8.2,519.98,103.99,100,519.98
4/11/22,Meat/Fish,4,12,3,150,37.5,100,150
4/11/22,Service Fees,6,0,0,2,0.33,0,0
4/11/22,Snacks,2,8,4,5.5,2.75,100,5.5
4/12/22,Drinks,2,4,2,74,37,100,74
4/12/22,General Food,3,22,7.3,416.24,138.74,100,416.24
4/12/22,Meat/Fish,4,5,1.3,80,20,100,80
4/12/22,Service Fees,5,0,0,2.32,0.46,0,0
4/13/22,Drinks,1,3,3,116,116,100,116
4/13/22,General Food,6,34,5.7,770.02,128.33,100,770.02
4/13/22,Meat/Fish,2,2,1,40,20,100,40
4/13/22,Service Fees,6,0,0,0,0,0,0
4/13/22,Snacks,1,4,4,1.5,1.5,100,1.5
4/14/22,Drinks,4,5,1.3,40,10,100,40
4/14/22,General Food,9,52,5.8,744.9,82.76,100,744.9
4/14/22,Meat/Fish,4,4,1,50,12.5,100,50
4/14/22,Pinless Recharge,1,1,1,20,20,0,0
4/14/22,Service Fees,12,0,0,0.4,0.03,0,0
4/14/22,Snacks,2,5,2.5,2,1,100,2
4/15/22,Drinks,1,1,1,40,40,100,40
4/15/22,General Food,13,89,6.8,916.26,70.48,100,916.26
4/15/22,Household,1,1,1,1,1,100,1
4/15/22,Meat/Fish,1,1,1,10,10,100,10
4/15/22,Service Fees,13,0,0,6.56,0.5,0,0
4/15/22,Snacks,3,13,4.3,11,3.66,100,11
4/16/22,Cleaning&body,1,6,6,12,12,100,12
4/16/22,General Food,1,4,4,50,50,100,50
4/16/22,Pinless Recharge,1,1,1,10,10,0,0
4/16/22,Service Fees,3,0,0,0.48,0.16,0,0
4/18/22,Drinks,3,7,2.3,7,2.33,100,7
4/18/22,General Food,8,48,6,359.97,44.99,100,359.97
4/18/22,Meat/Fish,2,3,1.5,40,20,100,40
4/18/22,Service Fees,8,0,0,4.28,0.53,0,0
4/19/22,Drinks,2,5,2.5,122,61,100,122
4/19/22,General Food,4,27,6.8,615.58,153.89,100,615.58
4/19/22,Meat/Fish,1,1,1,20,20,100,20
4/19/22,Service Fees,4,0,0,7.52,1.88,0,0
4/20/22,General Food,6,26,4.3,171.49,28.58,100,171.49
4/20/22,Meat/Fish,3,8,2.7,80,26.66,100,80
4/20/22,Service Fees,6,0,0,1.32,0.22,0,0
4/20/22,Snacks,3,21,7,13.5,4.5,100,13.5
4/21/22,Drinks,2,9,4.5,83,41.5,100,83
4/21/22,General Food,7,50,7.1,878.01,125.43,100,878.01
4/21/22,Meat/Fish,1,1,1,10,10,100,10
4/21/22,Service Fees,7,0,0,13.48,1.92,0,0
4/22/22,Clothes,1,4,4,40,40,100,40
4/22/22,General Food,9,24,2.7,145.49,16.16,100,145.49
4/22/22,Meat/Fish,2,14,7,230,115,100,230
4/22/22,Service Fees,11,0,0,5.06,0.46,0,0
4/23/22,Cleaning&body,1,2,2,15,15,100,15
4/23/22,Drinks,4,7,1.8,120,30,100,120
4/23/22,General Food,10,104,10.4,1217.88,121.78,100,1217.88
4/23/22,Meat/Fish,2,3,1.5,40,20,100,40
4/23/22,Service Fees,10,0,0,10.96,1.09,0,0
4/23/22,Snacks,4,15,3.8,13.5,3.37,100,13.5
4/24/22,Clothes,1,2,2,20,20,100,20
4/24/22,Drinks,2,4,2,4.5,2.25,100,4.5
4/24/22,General Food,4,53,13.3,276.52,69.13,100,276.52
4/24/22,Meat/Fish,3,13,4.3,180,60,100,180
4/24/22,Service Fees,5,0,0,0.42,0.08,0,0
4/24/22,Snacks,1,1,1,5,5,100,5
4/25/22,Cleaning&body,2,3,1.5,16,8,100,16
4/25/22,Condiments,1,1,1,2,2,100,2
4/25/22,Drinks,4,10,2.5,128.25,32.06,100,128.25
4/25/22,General Food,12,60,5,789.77,65.81,100,789.77
4/25/22,Meat/Fish,6,14,2.3,180,30,100,180
4/25/22,Pinless Recharge,1,1,1,10,10,0,0
4/25/22,Service Fees,16,0,0,7.16,0.44,0,0
4/25/22,Snacks,1,1,1,10,10,100,10
4/26/22,Cleaning&body,1,1,1,10,10,100,10
4/26/22,Drinks,2,2,1,80,40,100,80
4/26/22,General Food,4,11,2.8,176.34,44.08,100,176.34
4/26/22,Meat/Fish,2,2,1,40,20,100,40
4/26/22,Service Fees,6,0,0,3.12,0.52,0,0
4/27/22,Drinks,1,2,2,37,37,100,37
4/27/22,General Food,6,32,5.3,375.29,62.54,100,375.29
4/27/22,Meat/Fish,2,3,1.5,30,15,100,30
4/27/22,Service Fees,7,0,0,0,0,0,0
4/28/22,Drinks,3,5,1.7,122,40.66,100,122
4/28/22,Frozen,1,1,1,2,2,100,2
4/28/22,General Food,6,12,2,386.75,64.45,100,386.75
4/28/22,Meat/Fish,1,1,1,10,10,100,10
4/28/22,Service Fees,7,0,0,5.21,0.74,0,0
4/28/22,Snacks,1,2,2,1,1,100,1
4/29/22,Drinks,2,4,2,43,21.5,100,43
4/29/22,General Food,3,25,8.3,347.97,115.99,100,347.97
4/29/22,Service Fees,4,0,0,4,1,0,0
4/30/22,General Food,8,34,4.3,296.98,37.12,100,296.98
4/30/22,Meat/Fish,4,6,1.5,80,20,100,80
4/30/22,Service Fees,8,0,0,6.48,0.81,0,0
5/1/22,General Food,2,5,2.5,45.36,22.68,100,45.36
5/1/22,Service Fees,2,0,0,1,0.5,0,0
5/2/22,Drinks,3,8,2.7,234,78,100,234
5/2/22,General Food,11,55,5,601.52,54.68,100,601.52
5/2/22,Household,1,1,1,40,40,100,40
5/2/22,Meat/Fish,2,7,3.5,80,40,100,80
5/2/22,Pinless Recharge,1,1,1,10,10,0,0
5/2/22,Service Fees,12,0,0,3.12,0.26,0,0
5/2/22,Snacks,1,1,1,1,1,100,1
5/3/22,Cleaning&body,1,1,1,5,5,100,5
5/3/22,Drinks,1,3,3,3,3,100,3
5/3/22,General Food,3,9,3,43.5,14.5,100,43.5
5/3/22,Meat/Fish,2,4,2,60,30,100,60
5/3/22,Service Fees,4,0,0,0.24,0.06,0,0
5/3/22,Snacks,1,1,1,0.25,0.25,100,0.25
5/4/22,Drinks,3,5,1.7,79,26.33,100,79
5/4/22,General Food,13,75,5.8,768.98,59.15,100,768.98
5/4/22,Meat/Fish,7,10,1.4,120,17.14,100,120
5/4/22,Service Fees,13,0,0,4.44,0.34,0,0
5/4/22,Snacks,2,5,2.5,2.5,1.25,100,2.5
5/5/22,Drinks,7,11,1.6,202,28.85,100,202
5/5/22,General Food,11,71,6.5,1351.47,122.86,100,1351.47
5/5/22,Meat/Fish,7,12,1.7,150,21.42,100,150
5/5/22,Pinless Recharge,1,1,1,40,40,0,0
5/5/22,Service Fees,14,0,0,4.01,0.28,0,0
5/5/22,Snacks,2,3,1.5,2.25,1.12,100,2.25
5/6/22,Cleaning&body,1,4,4,5,5,100,5
5/6/22,Drinks,4,7,1.8,77,19.25,100,77
5/6/22,General Food,13,72,5.5,644.48,49.57,100,644.48
5/6/22,Meat/Fish,2,3,1.5,30,15,100,30
5/6/22,Service Fees,14,0,0,1.28,0.09,0,0
5/6/22,Snacks,2,4,2,2.75,1.37,100,2.75
5/7/22,Cleaning&body,2,7,3.5,37,18.5,100,37
5/7/22,Drinks,5,7,1.4,42,8.4,100,42
5/7/22,General Food,15,113,7.5,940.5,62.7,100,940.5
5/7/22,Meat/Fish,4,6,1.5,90,22.5,100,90
5/7/22,Service Fees,18,0,0,10.2,0.56,0,0
5/7/22,Snacks,4,6,1.5,7.25,1.81,100,7.25
5/8/22,Drinks,1,1,1,9,9,100,9
5/8/22,General Food,4,21,5.3,154.95,38.73,100,154.95
5/8/22,Misc.,1,1,1,15,15,100,15
5/8/22,Service Fees,4,0,0,0,0,0,0
5/8/22,Snacks,1,12,12,8,8,100,8
5/9/22,Drinks,1,1,1,36,36,100,36
5/9/22,General Food,4,27,6.8,172,43,100,172
5/9/22,Meat/Fish,2,3,1.5,30,15,100,30
5/9/22,Pinless Recharge,1,1,1,10,10,0,0
5/9/22,Service Fees,5,0,0,0,0,0,0
5/9/22,Snacks,1,2,2,2,2,100,2
5/10/22,General Food,9,34,3.8,458.21,50.91,100,458.21
5/10/22,Meat/Fish,2,4,2,70,35,100,70
5/10/22,Service Fees,10,0,0,1.44,0.14,0,0
5/11/22,Cleaning&body,1,1,1,5.5,5.5,100,5.5
5/11/22,Drinks,2,4,2,160,80,100,160
5/11/22,General Food,13,54,4.2,676.92,52.07,100,676.92
5/11/22,Meat/Fish,5,7,1.4,120,24,100,120
5/11/22,Pinless Recharge,1,1,1,10,10,0,0
5/11/22,Service Fees,14,0,0,3.26,0.23,0,0
5/12/22,Drinks,6,15,2.5,169.75,28.29,100,169.75
5/12/22,General Food,9,68,7.6,640.16,71.12,100,640.16
5/12/22,Meat/Fish,2,3,1.5,40,20,100,40
5/12/22,Service Fees,10,0,0,12.49,1.24,0,0
5/12/22,Snacks,1,4,4,4,4,100,4
5/13/22,Cleaning&body,1,1,1,5.5,5.5,100,5.5
5/13/22,Drinks,3,3,1,77,25.66,100,77
5/13/22,General Food,12,42,3.5,360,30,100,360
5/13/22,Meat/Fish,2,5,2.5,60,30,100,60
5/13/22,Service Fees,15,0,0,1.92,0.12,0,0
5/14/22,Cleaning&body,1,1,1,2,2,100,2
5/14/22,Clothes,1,1,1,10,10,100,10
5/14/22,Drinks,1,3,3,46,46,100,46
5/14/22,General Food,8,28,3.5,133,16.62,100,133
5/14/22,Meat/Fish,2,5,2.5,50,25,100,50
5/14/22,Misc.,1,1,1,15,15,100,15
5/14/22,Service Fees,10,0,0,9.38,0.93,0,0
5/14/22,Snacks,2,7,3.5,8.5,4.25,100,8.5
5/15/22,Cleaning&body,1,1,1,5,5,100,5
5/15/22,General Food,9,56,6.2,438.41,48.71,100,438.41
5/15/22,Meat/Fish,1,1,1,20,20,100,20
5/15/22,Service Fees,9,0,0,7.94,0.88,0,0
5/15/22,Snacks,2,8,4,4,2,100,4
5/16/22,Cleaning&body,1,1,1,16,16,100,16
5/16/22,General Food,3,12,4,25.5,8.5,100,25.5
5/16/22,Service Fees,3,0,0,1.78,0.59,0,0
5/16/22,Snacks,1,12,12,3,3,100,3
5/17/22,Drinks,2,3,1.5,116,58,100,116
5/17/22,General Food,10,49,4.9,572.34,57.23,100,572.34
5/17/22,Meat/Fish,1,1,1,20,20,100,20
5/17/22,Service Fees,12,0,0,9.32,0.77,0,0
5/18/22,Drinks,2,7,3.5,45,22.5,100,45
5/18/22,General Food,5,19,3.8,409.99,81.99,100,409.99
5/18/22,Meat/Fish,2,4,2,40,20,100,40
5/18/22,Service Fees,5,0,0,0.7,0.14,0,0
5/18/22,Snacks,1,1,1,5,5,100,5
5/19/22,Drinks,2,7,3.5,123,61.5,100,123
5/19/22,General Food,9,61,6.8,829.9,92.21,100,829.9
5/19/22,Meat/Fish,5,7,1.4,90,18,100,90
5/19/22,Service Fees,11,0,0,7.67,0.69,0,0
5/19/22,Snacks,2,2,1,2.5,1.25,100,2.5
5/20/22,General Food,5,37,7.4,871.2,174.24,100,871.2
5/20/22,Household,1,1,1,4,4,100,4
5/20/22,Meat/Fish,2,4,2,40,20,100,40
5/20/22,Pinless Recharge,1,1,1,3,3,0,0
5/20/22,Service Fees,7,0,0,0.4,0.05,0,0
5/21/22,Drinks,2,9,4.5,79,39.5,100,79
5/21/22,General Food,15,50,3.3,683.75,45.58,100,683.75
5/21/22,Meat/Fish,5,13,2.6,170,34,100,170
5/21/22,Pinless Recharge,2,2,1,30,15,0,0
5/21/22,Service Fees,20,0,0,8.32,0.41,0,0
5/21/22,Snacks,2,3,1.5,1.5,0.75,100,1.5
5/22/22,Drinks,1,3,3,3,3,100,3
5/22/22,General Food,7,39,5.6,534.09,76.29,100,534.09
5/22/22,Meat/Fish,1,1,1,20,20,100,20
5/22/22,Service Fees,7,0,0,17.59,2.51,0,0
5/22/22,Snacks,1,5,5,2.5,2.5,100,2.5
5/23/22,Cleaning&body,1,1,1,10,10,100,10
5/23/22,General Food,6,53,8.8,643.48,107.24,100,643.48
5/23/22,Meat/Fish,2,3,1.5,40,20,100,40
5/23/22,Service Fees,6,0,0,0,0,0,0
5/24/22,Drinks,1,1,1,0.75,0.75,100,0.75
5/24/22,General Food,4,21,5.3,203.98,50.99,100,203.98
5/24/22,Service Fees,5,0,0,3.92,0.78,0,0
5/24/22,Snacks,1,2,2,1,1,100,1
5/25/22,General Food,5,14,2.8,104.5,20.9,100,104.5
5/25/22,Service Fees,5,0,0,0.12,0.02,0,0
5/25/22,Snacks,1,2,2,1,1,100,1
5/26/22,Clothes,1,3,3,120,120,100,120
5/26/22,General Food,2,6,3,15,7.5,100,15
5/26/22,Service Fees,3,0,0,0,0,0,0
5/26/22,Snacks,1,1,1,1.3,1.3,100,1.3
5/27/22,Condiments,1,10,10,15,15,100,15
5/27/22,Drinks,1,2,2,80,80,100,80
5/27/22,General Food,8,54,6.8,731.87,91.48,100,731.87
5/27/22,Meat/Fish,2,2,1,40,20,100,40
5/27/22,Service Fees,9,0,0,1.56,0.17,0,0
5/28/22,Cleaning&body,1,2,2,10,10,100,10
5/28/22,Clothes,1,1,1,20,20,100,20
5/28/22,General Food,6,36,6,467.25,77.87,100,467.25
5/28/22,Service Fees,7,0,0,2.13,0.3,0,0
5/29/22,Drinks,1,1,1,0.75,0.75,100,0.75
5/29/22,General Food,2,14,7,117,58.5,100,117
5/29/22,Service Fees,3,0,0,0.83,0.27,0,0
5/29/22,Snacks,1,1,1,1,1,100,1
5/30/22,Cleaning&body,2,2,1,14,7,100,14
5/30/22,Drinks,2,2,1,2,1,100,2
5/30/22,General Food,9,58,6.4,407.24,45.24,100,407.24
5/30/22,Service Fees,11,0,0,2.46,0.22,0,0
5/30/22,Snacks,1,1,1,0.5,0.5,100,0.5
5/31/22,General Food,9,52,5.8,426.13,47.34,100,426.13
5/31/22,Meat/Fish,1,2,2,20,20,100,20
5/31/22,Service Fees,9,0,0,8.67,0.96,0,0
6/1/22,Clothes,1,1,1,10,10,100,10
6/1/22,Drinks,1,2,2,1.5,1.5,100,1.5
6/1/22,General Food,5,52,10.4,509.04,101.8,100,509.04
6/1/22,Misc.,1,2,2,30,30,100,30
6/1/22,Service Fees,5,0,0,4.14,0.82,0,0
6/1/22,Snacks,1,2,2,2.6,2.6,100,2.6
6/2/22,Cleaning&body,1,5,5,25,25,100,25
6/2/22,General Food,12,64,5.3,623.87,51.98,100,623.87
6/2/22,Meat/Fish,2,3,1.5,30,15,100,30
6/2/22,Pinless Recharge,1,1,1,40,40,0,0
6/2/22,Service Fees,14,0,0,2.52,0.18,0,0
6/2/22,Snacks,1,2,2,1.5,1.5,100,1.5
6/3/22,Cleaning&body,1,1,1,16,16,100,16
6/3/22,General Food,10,72,7.2,697.91,69.79,100,697.91
6/3/22,Meat/Fish,1,2,2,30,30,100,30
6/3/22,Service Fees,11,0,0,1.8,0.16,0,0
6/3/22,Snacks,1,1,1,0.25,0.25,100,0.25
6/4/22,Condiments,1,1,1,1,1,100,1
6/4/22,Drinks,1,4,4,74,74,100,74
6/4/22,General Food,7,65,9.3,490.22,70.03,100,490.22
6/4/22,Meat/Fish,1,1,1,10,10,100,10
6/4/22,Service Fees,7,0,0,4.56,0.65,0,0
6/5/22,General Food,2,3,1.5,11.09,5.54,100,11.09
6/5/22,Service Fees,2,0,0,0,0,0,0
6/6/22,Cleaning&body,1,2,2,20,20,100,20
6/6/22,Drinks,3,4,1.3,78,26,100,78
6/6/22,General Food,9,103,11.4,892.31,99.14,100,892.31
6/6/22,Meat/Fish,2,3,1.5,50,25,100,50
6/6/22,Service Fees,9,0,0,3.4,0.37,0,0
6/6/22,Snacks,2,4,2,3,1.5,100,3
6/7/22,Drinks,8,20,2.5,203,25.37,100,203
6/7/22,General Food,16,101,6.3,1893.47,118.34,100,1893.47
6/7/22,Meat/Fish,9,15,1.7,190,21.11,100,190
6/7/22,Pinless Recharge,2,2,1,30,15,0,0
6/7/22,Service Fees,20,0,0,4.88,0.24,0,0
6/7/22,Snacks,4,5,1.3,4.75,1.18,100,4.75
6/8/22,Drinks,2,4,2,38,19,100,38
6/8/22,General Food,9,90,10,572.26,63.58,100,572.26
6/8/22,Meat/Fish,1,1,1,10,10,100,10
6/8/22,Service Fees,9,0,0,1.24,0.13,0,0
6/8/22,Snacks,2,4,2,4,2,100,4
6/9/22,Cleaning&body,4,5,1.3,77,19.25,100,77
6/9/22,Drinks,7,12,1.7,238.75,34.1,100,238.75
6/9/22,General Food,18,129,7.2,2326.49,129.24,100,2326.49
6/9/22,Meat/Fish,6,10,1.7,127,21.16,100,127
6/9/22,Service Fees,19,0,0,4.53,0.23,0,0
6/10/22,Cleaning&body,3,4,1.3,64,21.33,100,64
6/10/22,Drinks,6,7,1.2,120.75,20.12,100,120.75
6/10/22,General Food,21,129,6.1,1759.46,83.78,100,1759.46
6/10/22,Meat/Fish,5,6,1.2,100,20,100,100
6/10/22,Service Fees,22,0,0,6.16,0.28,0,0
6/11/22,Cleaning&body,1,1,1,8,8,100,8
6/11/22,Drinks,4,5,1.3,41.5,10.37,100,41.5
6/11/22,Frozen,1,5,5,10,10,100,10
6/11/22,General Food,21,112,5.3,1446.88,68.89,100,1446.88
6/11/22,Meat/Fish,3,4,1.3,31.1,10.36,100,31.1
6/11/22,Service Fees,22,0,0,4.76,0.21,0,0
6/11/22,Snacks,4,11,2.8,17,4.25,100,17
6/12/22,General Food,4,27,6.8,311.95,77.98,100,311.95
6/12/22,Meat/Fish,2,3,1.5,40,20,100,40
6/12/22,Service Fees,4,0,0,3.36,0.84,0,0
6/13/22,Condiments,1,6,6,9,9,100,9
6/13/22,Drinks,4,12,3,207,51.75,100,207
6/13/22,General Food,12,73,6.1,844.65,70.38,100,844.65
6/13/22,Meat/Fish,5,7,1.4,100,20,100,100
6/13/22,Service Fees,14,0,0,0.4,0.02,0,0
6/13/22,Snacks,2,11,5.5,9,4.5,100,9
6/14/22,Drinks,6,13,2.2,83.5,13.91,100,83.5
6/14/22,General Food,13,86,6.6,1346.27,103.55,100,1346.27
6/14/22,Meat/Fish,5,10,2,120,24,100,120
6/14/22,Service Fees,14,0,0,0.1,0,0,0
6/14/22,Snacks,2,5,2.5,4.25,2.12,100,4.25
6/15/22,Cleaning&body,2,2,1,46,23,100,46
6/15/22,Drinks,1,1,1,36,36,100,36
6/15/22,General Food,4,14,3.5,114.49,28.62,100,114.49
6/15/22,Meat/Fish,1,1,1,10,10,100,10
6/15/22,Service Fees,5,0,0,1.2,0.24,0,0
6/15/22,Snacks,1,1,1,0.25,0.25,100,0.25
6/16/22,Drinks,3,9,3,122,40.66,100,122
6/16/22,General Food,12,84,7,1301.46,108.45,100,1301.46
6/16/22,Meat/Fish,3,5,1.7,70,23.33,100,70
6/16/22,Pinless Recharge,2,2,1,25,12.5,0,0
6/16/22,Service Fees,15,0,0,10.6,0.7,0,0
6/16/22,Snacks,2,6,3,9,4.5,100,9
6/17/22,Cleaning&body,1,1,1,2,2,100,2
6/17/22,Drinks,1,3,3,3,3,100,3
6/17/22,General Food,10,51,5.1,479.98,47.99,100,479.98
6/17/22,Household,1,2,2,10,10,100,10
6/17/22,Pinless Recharge,1,1,1,5,5,0,0
6/17/22,Service Fees,12,0,0,6.36,0.53,0,0
6/18/22,Drinks,2,4,2,74,37,100,74
6/18/22,General Food,14,91,6.5,754.56,53.89,100,754.56
6/18/22,Meat/Fish,3,4,1.3,60,20,100,60
6/18/22,Service Fees,14,0,0,4.2,0.3,0,0
6/18/22,Snacks,1,1,1,0.25,0.25,100,0.25
6/19/22,Cleaning&body,1,3,3,9,9,100,9
6/19/22,Condiments,1,6,6,9,9,100,9
6/19/22,General Food,6,13,2.2,200.97,33.49,100,200.97
6/19/22,Service Fees,6,0,0,0,0,0,0
6/20/22,Cleaning&body,1,2,2,36,36,100,36
6/20/22,Drinks,2,4,2,82,41,100,82
6/20/22,General Food,15,70,4.7,859.81,57.32,100,859.81
6/20/22,Meat/Fish,2,2,1,20,10,100,20
6/20/22,Service Fees,16,0,0,3.43,0.21,0,0
6/21/22,Cleaning&body,2,2,1,22,11,100,22
6/21/22,General Food,3,37,12.3,428.5,142.83,100,428.5
6/21/22,Meat/Fish,1,2,2,20,20,100,20
6/21/22,Pinless Recharge,1,1,1,5,5,0,0
6/21/22,Service Fees,4,0,0,1.4,0.35,0,0
6/22/22,Drinks,1,2,2,2,2,100,2
6/22/22,General Food,4,21,5.3,287.85,71.96,100,287.85
6/22/22,Meat/Fish,1,2,2,30,30,100,30
6/22/22,Service Fees,5,0,0,3.14,0.62,0,0
6/23/22,Condiments,1,7,7,10.5,10.5,100,10.5
6/23/22,Drinks,4,11,2.8,202,50.5,100,202
6/23/22,General Food,9,95,10.6,611.93,67.99,100,611.93
6/23/22,Household,1,1,1,23.99,23.99,100,23.99
6/23/22,Meat/Fish,2,3,1.5,50,25,100,50
6/23/22,Service Fees,9,0,0,6.74,0.74,0,0
6/24/22,Drinks,2,3,1.5,3.5,1.75,100,3.5
6/24/22,General Food,5,19,3.8,261,52.2,100,261
6/24/22,Service Fees,5,0,0,3.72,0.74,0,0
6/24/22,Snacks,1,1,1,1.99,1.99,100,1.99
6/25/22,Cleaning&body,2,2,1,33,16.5,100,33
6/25/22,General Food,7,35,5,263.48,37.64,100,263.48
6/25/22,Service Fees,9,0,0,7.1,0.78,0,0
6/25/22,Snacks,2,5,2.5,1.5,0.75,100,1.5
6/26/22,General Food,2,17,8.5,132,66,100,132
6/26/22,Service Fees,2,0,0,4.44,2.22,0,0
6/26/22,Snacks,1,5,5,7.5,7.5,100,7.5
6/27/22,Drinks,1,1,1,36,36,100,36
6/27/22,General Food,3,17,5.7,317.44,105.81,100,317.44
6/27/22,Service Fees,3,0,0,3.72,1.24,0,0
6/28/22,Cleaning&body,1,4,4,8,8,100,8
6/28/22,Drinks,1,1,1,1,1,100,1
6/28/22,General Food,5,61,12.2,357.43,71.48,100,357.43
6/28/22,Household,1,2,2,47.98,47.98,100,47.98
6/28/22,Meat/Fish,3,8,2.7,120,40,100,120
6/28/22,Service Fees,6,0,0,4.94,0.82,0,0
6/29/22,Drinks,1,2,2,72,72,100,72
6/29/22,General Food,2,7,3.5,247.5,123.75,100,247.5
6/29/22,Pinless Recharge,1,1,1,10,10,0,0
6/29/22,Service Fees,3,0,0,0,0,0,0
6/30/22,General Food,7,19,2.7,551.51,78.78,100,551.51
6/30/22,Meat/Fish,1,1,1,10,10,100,10
6/30/22,Service Fees,7,0,0,2.34,0.33,0,0
7/1/22,Drinks,3,8,2.7,199,66.33,100,199
7/1/22,General Food,11,60,5.5,668.37,60.76,100,668.37
7/1/22,Meat/Fish,1,1,1,10,10,100,10
7/1/22,Pinless Recharge,1,1,1,5,5,0,0
7/1/22,Service Fees,13,0,0,2.8,0.21,0,0
7/1/22,Snacks,4,10,2.5,5.75,1.43,100,5.75
7/2/22,Cleaning&body,2,2,1,21,10.5,100,21
7/2/22,Drinks,1,1,1,36,36,100,36
7/2/22,General Food,6,27,4.5,254.98,42.49,100,254.98
7/2/22,Meat/Fish,3,3,1,40,13.33,100,40
7/2/22,Service Fees,6,0,0,4.26,0.71,0,0
7/2/22,Snacks,1,1,1,0.25,0.25,100,0.25
7/3/22,Cleaning&body,1,3,3,48,48,100,48
7/3/22,Drinks,1,1,1,0.75,0.75,100,0.75
7/3/22,General Food,9,62,6.9,422.36,46.92,100,422.36
7/3/22,Service Fees,11,0,0,3.36,0.3,0,0
7/3/22,Snacks,3,8,2.7,4.75,1.58,100,4.75
7/4/22,Cleaning&body,1,1,1,20,20,100,20
7/4/22,Drinks,5,5,1,153,30.6,100,153
7/4/22,General Food,11,71,6.5,459.01,41.72,100,459.01
7/4/22,Meat/Fish,5,7,1.4,130,26,100,130
7/4/22,Service Fees,12,0,0,10.73,0.89,0,0
7/5/22,Cleaning&body,2,2,1,20,10,100,20
7/5/22,Drinks,5,9,1.8,184,36.8,100,184
7/5/22,General Food,11,34,3.1,591.35,53.75,100,591.35
7/5/22,Meat/Fish,1,1,1,10,10,100,10
7/5/22,Service Fees,11,0,0,1.52,0.13,0,0
7/5/22,Snacks,3,13,4.3,5,1.66,100,5
7/6/22,Cleaning&body,2,4,2,53,26.5,100,53
7/6/22,Drinks,5,9,1.8,313,62.6,100,313
7/6/22,General Food,12,99,8.3,897.37,74.78,100,897.37
7/6/22,Meat/Fish,4,6,1.5,70,17.5,100,70
7/6/22,Pinless Recharge,1,1,1,9,9,0,0
7/6/22,Service Fees,14,0,0,0,0,0,0
7/6/22,Snacks,2,6,3,9,4.5,100,9
7/7/22,Drinks,3,14,4.7,59,19.66,100,59
7/7/22,General Food,6,62,10.3,652.29,108.71,100,652.29
7/7/22,Meat/Fish,1,2,2,30,30,100,30
7/7/22,Pinless Recharge,1,1,1,20,20,0,0
7/7/22,Service Fees,7,0,0,1.12,0.16,0,0
7/7/22,Snacks,2,7,3.5,4.25,2.12,100,4.25
7/8/22,Drinks,6,15,2.5,195.75,32.62,100,195.75
7/8/22,General Food,14,96,6.9,1060.43,75.74,100,1060.43
7/8/22,Household,1,1,1,23.99,23.99,100,23.99
7/8/22,Meat/Fish,3,3,1,40,13.33,100,40
7/8/22,Service Fees,15,0,0,2.12,0.14,0,0
7/8/22,Snacks,2,2,1,2.99,1.49,100,2.99
7/9/22,Cleaning&body,1,1,1,3.5,3.5,100,3.5
7/9/22,Drinks,4,4,1,75.5,18.87,100,75.5
7/9/22,General Food,15,107,7.1,674.27,44.95,100,674.27
7/9/22,Meat/Fish,2,2,1,20,10,100,20
7/9/22,Service Fees,18,0,0,4.8,0.26,0,0
7/9/22,Snacks,5,14,2.8,15,3,100,15
7/10/22,Cleaning&body,1,1,1,5.5,5.5,100,5.5
7/10/22,Clothes,1,2,2,20,20,100,20
7/10/22,Drinks,7,16,2.3,315.5,45.07,100,315.5
7/10/22,General Food,10,77,7.7,1037.38,103.73,100,1037.38
7/10/22,Meat/Fish,2,3,1.5,23.5,11.75,100,23.5
7/10/22,Service Fees,11,0,0,3.12,0.28,0,0
7/10/22,Snacks,3,5,1.7,4.5,1.5,100,4.5
7/11/22,Drinks,3,8,2.7,80,26.66,100,80
7/11/22,General Food,6,49,8.2,378.74,63.12,100,378.74
7/11/22,Meat/Fish,2,3,1.5,40,20,100,40
7/11/22,Service Fees,6,0,0,2.04,0.34,0,0
7/11/22,Snacks,1,2,2,2.6,2.6,100,2.6
7/12/22,Drinks,3,7,2.3,84.75,28.25,100,84.75
7/12/22,General Food,6,24,4,340.96,56.82,100,340.96
7/12/22,Household,1,5,5,35,35,100,35
7/12/22,Meat/Fish,1,1,1,10,10,100,10
7/12/22,Pinless Recharge,1,1,1,20,20,0,0
7/12/22,Service Fees,7,0,0,0.51,0.07,0,0
7/13/22,Drinks,2,4,2,152,76,100,152
7/13/22,General Food,8,70,8.8,937.98,117.24,100,937.98
7/13/22,Meat/Fish,2,2,1,30,15,100,30
7/13/22,Service Fees,8,0,0,2.12,0.26,0,0
7/13/22,Snacks,2,2,1,1.5,0.75,100,1.5
7/14/22,Cleaning&body,1,1,1,18,18,100,18
7/14/22,Drinks,1,2,2,41,41,100,41
7/14/22,General Food,10,57,5.7,391.68,39.16,100,391.68
7/14/22,Meat/Fish,2,4,2,50,25,100,50
7/14/22,Service Fees,11,0,0,8.53,0.77,0,0
7/14/22,Snacks,1,7,7,5,5,100,5
7/15/22,Drinks,1,1,1,1.5,1.5,100,1.5
7/15/22,General Food,10,76,7.6,449.52,44.95,100,449.52
7/15/22,Meat/Fish,3,6,2,70,23.33,100,70
7/15/22,Service Fees,11,0,0,9.58,0.87,0,0
7/15/22,Snacks,4,38,9.5,19.5,4.87,100,19.5
7/16/22,Cleaning&body,1,1,1,5,5,100,5
7/16/22,Drinks,5,7,1.4,46.5,9.3,100,46.5
7/16/22,General Food,12,34,2.8,525.74,43.81,100,525.74
7/16/22,Meat/Fish,4,5,1.3,80,20,100,80
7/16/22,Service Fees,17,0,0,6.76,0.39,0,0
7/16/22,Snacks,2,6,3,3.5,1.75,100,3.5
7/17/22,Drinks,3,4,1.3,4,1.33,100,4
7/17/22,General Food,5,34,6.8,331.21,66.24,100,331.21
7/17/22,Meat/Fish,1,1,1,10,10,100,10
7/17/22,Service Fees,7,0,0,1.84,0.26,0,0
7/18/22,Drinks,3,4,1.3,78,26,100,78
7/18/22,General Food,8,27,3.4,487.75,60.96,100,487.75
7/18/22,Meat/Fish,3,6,2,70,23.33,100,70
7/18/22,Service Fees,11,0,0,3.66,0.33,0,0
7/18/22,Snacks,4,20,5,15.5,3.87,100,15.5
7/19/22,Drinks,6,8,1.3,116.75,19.45,100,116.75
7/19/22,General Food,13,55,4.2,1017.88,78.29,100,1017.88
7/19/22,Meat/Fish,4,4,1,43.5,10.87,100,43.5
7/19/22,Service Fees,14,0,0,6.79,0.48,0,0
7/19/22,Snacks,1,2,2,1,1,100,1
7/20/22,General Food,6,24,4,183,30.5,100,183
7/20/22,Household,1,3,3,21,21,100,21
7/20/22,Meat/Fish,4,4,1,70,17.5,100,70
7/20/22,Service Fees,7,0,0,0,0,0,0
7/20/22,Snacks,2,4,2,2.75,1.37,100,2.75
7/21/22,Drinks,1,1,1,1,1,100,1
7/21/22,General Food,2,21,10.5,191.5,95.75,100,191.5
7/21/22,Service Fees,2,0,0,0,0,0,0
7/21/22,Snacks,1,2,2,1,1,100,1
7/22/22,Cleaning&body,1,1,1,8,8,100,8
7/22/22,Drinks,1,1,1,40,40,100,40
7/22/22,General Food,7,43,6.1,499.23,71.31,100,499.23
7/22/22,Meat/Fish,2,2,1,30,15,100,30
7/22/22,Service Fees,7,0,0,3.8,0.54,0,0
7/23/22,Drinks,1,1,1,40,40,100,40
7/23/22,General Food,13,49,3.8,324.96,24.99,100,324.96
7/23/22,Meat/Fish,1,3,3,60,60,100,60
7/23/22,Service Fees,13,0,0,9.48,0.72,0,0
7/24/22,Drinks,2,2,1,37,18.5,100,37
7/24/22,General Food,3,19,6.3,262.23,87.41,100,262.23
7/24/22,Meat/Fish,1,4,4,40,40,100,40
7/24/22,Pasta/Rice,1,1,1,3,3,100,3
7/24/22,Service Fees,6,0,0,2.04,0.34,0,0
7/24/22,Snacks,2,7,3.5,3.75,1.87,100,3.75
7/25/22,Cleaning&body,1,1,1,8,8,100,8
7/25/22,General Food,6,20,3.3,214.24,35.7,100,214.24
7/25/22,Meat/Fish,1,1,1,20,20,100,20
7/25/22,Service Fees,6,0,0,5.77,0.96,0,0
7/26/22,Drinks,1,1,1,1,1,100,1
7/26/22,General Food,4,12,3,96.5,24.12,100,96.5
7/26/22,Meat/Fish,2,2,1,20,10,100,20
7/26/22,Service Fees,6,0,0,0.4,0.06,0,0
7/27/22,Cleaning&body,1,3,3,15,15,100,15
7/27/22,Drinks,2,2,1,76,38,100,76
7/27/22,General Food,7,33,4.7,554.98,79.28,100,554.98
7/27/22,Meat/Fish,2,2,1,20,10,100,20
7/27/22,Service Fees,8,0,0,3.32,0.41,0,0
7/28/22,Drinks,2,4,2,39,19.5,100,39
7/28/22,General Food,6,23,3.8,215.76,35.96,100,215.76
7/28/22,Meat/Fish,1,1,1,20,20,100,20
7/28/22,Service Fees,6,0,0,2.96,0.49,0,0
7/29/22,Drinks,2,2,1,41,20.5,100,41
7/29/22,General Food,8,24,3,130.5,16.31,100,130.5
7/29/22,Meat/Fish,2,3,1.5,60,30,100,60
7/29/22,Service Fees,8,0,0,3.42,0.42,0,0
7/30/22,Drinks,2,2,1,72,36,100,72
7/30/22,General Food,5,22,4.4,312.75,62.55,100,312.75
7/30/22,Meat/Fish,3,5,1.7,70,23.33,100,70
7/30/22,Service Fees,6,0,0,1.56,0.26,0,0
7/31/22,General Food,3,6,2,133.99,44.66,100,133.99
7/31/22,Meat/Fish,2,2,1,20,10,100,20
7/31/22,Pinless Recharge,1,1,1,20,20,0,0
7/31/22,Service Fees,6,0,0,3.8,0.63,0,0
7/31/22,Snacks,1,4,4,4,4,100,4
8/1/22,Drinks,2,4,2,2,1,100,2
8/1/22,General Food,8,54,6.8,433.22,54.15,100,433.22
8/1/22,Meat/Fish,2,3,1.5,40,20,100,40
8/1/22,Service Fees,8,0,0,0,0,0,0
8/1/22,Snacks,1,4,4,4,4,100,4
8/2/22,Cleaning&body,1,1,1,8,8,100,8
8/2/22,General Food,4,25,6.3,190.96,47.74,100,190.96
8/2/22,Service Fees,4,0,0,2.56,0.64,0,0
8/2/22,Snacks,1,2,2,2,2,100,2
8/3/22,Drinks,5,10,2,119,23.8,100,119
8/3/22,General Food,11,56,5.1,565.61,51.41,100,565.61
8/3/22,Meat/Fish,4,8,2,80,20,100,80
8/3/22,Pinless Recharge,1,1,1,10,10,0,0
8/3/22,Service Fees,14,0,0,3.52,0.25,0,0
8/3/22,Snacks,1,5,5,3,3,100,3
8/4/22,Drinks,2,2,1,72,36,100,72
8/4/22,General Food,10,68,6.8,1058.88,105.88,100,1058.88
8/4/22,Meat/Fish,2,4,2,60,30,100,60
8/4/22,Service Fees,10,0,0,4.24,0.42,0,0
8/5/22,Drinks,5,12,2.4,119,23.8,100,119
8/5/22,General Food,16,105,6.6,1042.49,65.15,100,1042.49
8/5/22,Meat/Fish,5,7,1.4,80,16,100,80
8/5/22,Service Fees,16,0,0,5.08,0.31,0,0
8/6/22,Drinks,5,10,2,119.5,23.9,100,119.5
8/6/22,General Food,10,66,6.6,516.34,51.63,100,516.34
8/6/22,Meat/Fish,2,2,1,30,15,100,30
8/6/22,Pinless Recharge,1,1,1,10,10,0,0
8/6/22,Service Fees,12,0,0,6.6,0.55,0,0
8/6/22,Snacks,3,8,2.7,8.8,2.93,100,8.8
8/7/22,Cleaning&body,3,7,2.3,50.5,16.83,100,50.5
8/7/22,Drinks,1,2,2,72,72,100,72
8/7/22,General Food,8,35,4.4,264.96,33.12,100,264.96
8/7/22,Meat/Fish,4,6,1.5,82.5,20.62,100,82.5
8/7/22,Service Fees,9,0,0,4.66,0.51,0,0
8/7/22,Snacks,1,1,1,0.5,0.5,100,0.5
8/8/22,Drinks,5,6,1.2,76,15.2,100,76
8/8/22,General Food,10,47,4.7,501.64,50.16,100,501.64
8/8/22,Meat/Fish,5,5,1,60,12,100,60
8/8/22,Pinless Recharge,1,1,1,20,20,0,0
8/8/22,Service Fees,12,0,0,9.97,0.83,0,0
8/8/22,Snacks,1,1,1,1,1,100,1
8/9/22,Drinks,4,5,1.3,122,30.5,100,122
8/9/22,General Food,11,35,3.2,581.57,52.87,100,581.57
8/9/22,Service Fees,13,0,0,0.23,0.01,0,0
8/9/22,Snacks,2,3,1.5,4.25,2.12,100,4.25
8/10/22,Cleaning&body,2,5,2.5,25,12.5,100,25
8/10/22,Drinks,3,3,1,116,38.66,100,116
8/10/22,General Food,8,43,5.4,428.69,53.58,100,428.69
8/10/22,Meat/Fish,1,1,1,10,10,100,10
8/10/22,Pinless Recharge,1,1,1,20,20,0,0
8/10/22,Service Fees,10,0,0,0.24,0.02,0,0
8/10/22,Snacks,3,4,1.3,5,1.66,100,5
8/11/22,Drinks,4,5,1.3,157,39.25,100,157
8/11/22,General Food,11,59,5.4,889.81,80.89,100,889.81
8/11/22,Meat/Fish,5,6,1.2,70,14,100,70
8/11/22,Service Fees,13,0,0,3.56,0.27,0,0
8/11/22,Snacks,4,33,8.3,25,6.25,100,25
8/12/22,Drinks,5,8,1.6,119,23.8,100,119
8/12/22,General Food,13,92,7.1,722.35,55.56,100,722.35
8/12/22,Meat/Fish,6,6,1,75,12.5,100,75
8/12/22,Pinless Recharge,2,2,1,30,15,0,0
8/12/22,Service Fees,16,0,0,6.98,0.43,0,0
8/12/22,Snacks,2,6,3,10.5,5.25,100,10.5
8/13/22,Drinks,4,5,1.3,153,38.25,100,153
8/13/22,General Food,8,44,5.5,310.29,38.78,100,310.29
8/13/22,Meat/Fish,3,3,1,40,13.33,100,40
8/13/22,Service Fees,11,0,0,2.66,0.24,0,0
8/13/22,Snacks,1,1,1,0.5,0.5,100,0.5
8/14/22,Cleaning&body,1,1,1,8,8,100,8
8/14/22,Drinks,1,3,3,3,3,100,3
8/14/22,General Food,5,20,4,199.45,39.89,100,199.45
8/14/22,Pinless Recharge,1,1,1,5,5,0,0
8/14/22,Service Fees,8,0,0,8.58,1.07,0,0
8/14/22,Snacks,3,9,3,7,2.33,100,7
8/15/22,Drinks,3,5,1.7,114.5,38.16,100,114.5
8/15/22,General Food,12,52,4.3,564.37,47.03,100,564.37
8/15/22,Meat/Fish,8,10,1.3,130,16.25,100,130
8/15/22,Pinless Recharge,1,1,1,10,10,0,0
8/15/22,Service Fees,15,0,0,4,0.26,0,0
8/15/22,Snacks,2,4,2,3.5,1.75,100,3.5
8/16/22,Drinks,1,1,1,40,40,100,40
8/16/22,General Food,7,34,4.9,523.72,74.81,100,523.72
8/16/22,Service Fees,7,0,0,1.56,0.22,0,0
8/17/22,Cleaning&body,1,1,1,8,8,100,8
8/17/22,Drinks,7,11,1.6,268,38.28,100,268
8/17/22,General Food,16,93,5.8,1631.84,101.99,100,1631.84
8/17/22,Meat/Fish,7,10,1.4,150,21.42,100,150
8/17/22,Service Fees,19,0,0,0,0,0,0
8/17/22,Snacks,1,1,1,1,1,100,1
8/18/22,Cleaning&body,1,1,1,15,15,100,15
8/18/22,Drinks,4,7,1.8,81.75,20.43,100,81.75
8/18/22,General Food,12,44,3.7,303.24,25.27,100,303.24
8/18/22,Household,1,6,6,42,42,100,42
8/18/22,Meat/Fish,6,9,1.5,140,23.33,100,140
8/18/22,Service Fees,15,0,0,10.11,0.67,0,0
8/18/22,Snacks,1,1,1,0.5,0.5,100,0.5
8/19/22,Cleaning&body,1,1,1,8,8,100,8
8/19/22,Drinks,4,5,1.3,119.25,29.81,100,119.25
8/19/22,Frozen,1,2,2,4,4,100,4
8/19/22,General Food,14,62,4.4,846.91,60.49,100,846.91
8/19/22,Meat/Fish,5,7,1.4,110,22,100,110
8/19/22,Pinless Recharge,1,1,1,20,20,0,0
8/19/22,Service Fees,16,0,0,4.52,0.28,0,0
8/19/22,Snacks,3,5,1.7,3.75,1.25,100,3.75
8/20/22,Cleaning&body,1,1,1,15,15,100,15
8/20/22,Drinks,1,2,2,41.5,41.5,100,41.5
8/20/22,General Food,8,73,9.1,405.62,50.7,100,405.62
8/20/22,Household,1,3,3,21,21,100,21
8/20/22,Meat/Fish,1,1,1,20,20,100,20
8/20/22,Service Fees,9,0,0,10.59,1.17,0,0
8/20/22,Snacks,1,3,3,1.5,1.5,100,1.5
8/21/22,Drinks,1,1,1,9,9,100,9
8/21/22,General Food,5,37,7.4,114.44,22.88,100,114.44
8/21/22,Meat/Fish,1,1,1,20,20,100,20
8/21/22,Service Fees,5,0,0,0,0,0,0
8/22/22,Drinks,1,1,1,40,40,100,40
8/22/22,General Food,8,57,7.1,526.43,65.8,100,526.43
8/22/22,Pinless Recharge,1,1,1,20,20,0,0
8/22/22,Service Fees,9,0,0,4.01,0.44,0,0
8/23/22,General Food,5,30,6,116.5,23.3,100,116.5
8/23/22,Household,1,1,1,7,7,100,7
8/23/22,Meat/Fish,1,1,1,20,20,100,20
8/23/22,Service Fees,5,0,0,3.58,0.71,0,0
8/23/22,Snacks,2,4,2,2,1,100,2
8/24/22,General Food,8,76,9.5,495.36,61.92,100,495.36
8/24/22,Meat/Fish,4,7,1.8,120,30,100,120
8/24/22,Service Fees,9,0,0,9,1,0,0
8/25/22,Drinks,3,6,2,92,30.66,100,92
8/25/22,General Food,15,97,6.5,1230.28,82.01,100,1230.28
8/25/22,Household,1,1,1,7,7,100,7
8/25/22,Meat/Fish,2,2,1,40,20,100,40
8/25/22,Service Fees,15,0,0,7.72,0.51,0,0
8/25/22,Snacks,2,17,8.5,9.5,4.75,100,9.5
8/26/22,Drinks,1,1,1,40,40,100,40
8/26/22,General Food,3,4,1.3,27,9,100,27
8/26/22,Meat/Fish,1,3,3,30,30,100,30
8/26/22,Pinless Recharge,1,1,1,10,10,0,0
8/26/22,Service Fees,5,0,0,0.56,0.11,0,0
8/27/22,Drinks,2,4,2,4,2,100,4
8/27/22,General Food,5,17,3.4,109.73,21.94,100,109.73
8/27/22,Meat/Fish,1,1,1,20,20,100,20
8/27/22,Pinless Recharge,1,1,1,5,5,0,0
8/27/22,Service Fees,6,0,0,3.72,0.62,0,0
8/28/22,General Food,1,6,6,40,40,100,40
8/28/22,Meat/Fish,1,1,1,10,10,100,10
8/28/22,Service Fees,1,0,0,2,2,0,0
8/29/22,General Food,3,10,3.3,57.18,19.06,100,57.18
8/29/22,Pinless Recharge,1,1,1,20,20,0,0
8/29/22,Service Fees,4,0,0,2.29,0.57,0,0
8/30/22,General Food,2,3,1.5,83,41.5,100,83
8/30/22,Service Fees,2,0,0,0.32,0.16,0,0
8/31/22,Drinks,1,2,2,2,2,100,2
8/31/22,General Food,4,15,3.8,73.71,18.42,100,73.71
8/31/22,Meat/Fish,1,1,1,10,10,100,10
8/31/22,Service Fees,5,0,0,2.86,0.57,0,0
9/1/22,General Food,4,12,3,226.44,56.61,100,226.44
9/1/22,Meat/Fish,2,2,1,40,20,100,40
9/1/22,Pinless Recharge,2,2,1,5,2.5,0,0
9/1/22,Service Fees,6,0,0,1.82,0.3,0,0
9/2/22,Drinks,1,1,1,1.5,1.5,100,1.5
9/2/22,General Food,4,17,4.3,169,42.25,100,169
9/2/22,Meat/Fish,3,5,1.7,70,23.33,100,70
9/2/22,Service Fees,5,0,0,3.4,0.68,0,0
9/2/22,Snacks,1,2,2,5.5,5.5,100,5.5
9/3/22,General Food,11,70,6.4,741.26,67.38,100,741.26
9/3/22,Meat/Fish,2,2,1,30,15,100,30
9/3/22,Service Fees,11,0,0,6.04,0.54,0,0
9/3/22,Snacks,1,3,3,3.9,3.9,100,3.9
9/4/22,Cleaning&body,1,6,6,69,69,100,69
9/4/22,General Food,3,10,3.3,56.49,18.83,100,56.49
9/4/22,Service Fees,4,0,0,5.02,1.25,0,0
9/5/22,Drinks,2,5,2.5,44,22,100,44
9/5/22,General Food,10,47,4.7,661.31,66.13,100,661.31
9/5/22,Meat/Fish,3,4,1.3,70,23.33,100,70
9/5/22,Pinless Recharge,1,1,1,20,20,0,0
9/5/22,Service Fees,12,0,0,3.42,0.28,0,0
9/6/22,Drinks,1,1,1,1.5,1.5,100,1.5
9/6/22,General Food,6,78,13,658.93,109.82,100,658.93
9/6/22,Meat/Fish,2,3,1.5,50,25,100,50
9/6/22,Service Fees,7,0,0,0,0,0,0
9/6/22,Snacks,2,11,5.5,16.75,8.37,100,16.75
9/7/22,Cleaning&body,2,3,1.5,18,9,100,18
9/7/22,Drinks,10,18,1.8,337.5,33.75,100,337.5
9/7/22,General Food,18,58,3.2,930.39,51.68,100,930.39
9/7/22,Meat/Fish,6,6,1,90,15,100,90
9/7/22,Service Fees,21,0,0,1.26,0.06,0,0
9/7/22,Snacks,2,5,2.5,3,1.5,100,3
9/8/22,Drinks,3,9,3,122,40.66,100,122
9/8/22,General Food,9,37,4.1,558.35,62.03,100,558.35
9/8/22,Meat/Fish,3,5,1.7,70,23.33,100,70
9/8/22,Service Fees,10,0,0,4.4,0.44,0,0
9/8/22,Snacks,1,7,7,4,4,100,4
9/9/22,Drinks,7,12,1.7,356.5,50.92,100,356.5
9/9/22,General Food,18,94,5.2,1338.36,74.35,100,1338.36
9/9/22,Meat/Fish,4,9,2.3,113.5,28.37,100,113.5
9/9/22,Pinless Recharge,1,1,1,20,20,0,0
9/9/22,Service Fees,20,0,0,7.1,0.35,0,0
9/9/22,Snacks,2,3,1.5,2.5,1.25,100,2.5
9/10/22,Cleaning&body,1,1,1,5,5,100,5
9/10/22,Drinks,5,10,2,150,30,100,150
9/10/22,General Food,12,47,3.9,738.18,61.51,100,738.18
9/10/22,Meat/Fish,2,4,2,70,35,100,70
9/10/22,Service Fees,12,0,0,7.06,0.58,0,0
9/10/22,Snacks,2,3,1.5,3,1.5,100,3
9/11/22,Drinks,2,2,1,72,36,100,72
9/11/22,General Food,4,38,9.5,611.15,152.78,100,611.15
9/11/22,Meat/Fish,1,1,1,10,10,100,10
9/11/22,Service Fees,6,0,0,4,0.66,0,0
9/11/22,Snacks,3,9,3,9,3,100,9
9/12/22,Clothes,1,2,2,6,6,100,6
9/12/22,General Food,10,36,3.6,590.84,59.08,100,590.84
9/12/22,Service Fees,11,0,0,4.01,0.36,0,0
9/12/22,Snacks,2,7,3.5,5.5,2.75,100,5.5
9/13/22,Drinks,1,2,2,80,80,100,80
9/13/22,General Food,7,50,7.1,403.36,57.62,100,403.36
9/13/22,Meat/Fish,2,2,1,30,15,100,30
9/13/22,Service Fees,7,0,0,5.96,0.85,0,0
9/13/22,Snacks,1,7,7,3.5,3.5,100,3.5
9/14/22,Drinks,2,3,1.5,112,56,100,112
9/14/22,General Food,5,33,6.6,523.64,104.72,100,523.64
9/14/22,Meat/Fish,3,3,1,40,13.33,100,40
9/14/22,Service Fees,7,0,0,1.6,0.22,0,0
9/14/22,Snacks,1,2,2,1,1,100,1
9/15/22,Drinks,2,3,1.5,38,19,100,38
9/15/22,General Food,10,58,5.8,664.93,66.49,100,664.93
9/15/22,Meat/Fish,3,4,1.3,70,23.33,100,70
9/15/22,Service Fees,10,0,0,4.66,0.46,0,0
9/15/22,Snacks,1,1,1,2.5,2.5,100,2.5
9/16/22,Drinks,4,8,2,128,32,100,128
9/16/22,General Food,4,29,7.3,252.98,63.24,100,252.98
9/16/22,Meat/Fish,2,3,1.5,50,25,100,50
9/16/22,Pinless Recharge,1,1,1,7,7,0,0
9/16/22,Service Fees,6,0,0,0,0,0,0
9/16/22,Snacks,2,3,1.5,4.5,2.25,100,4.5
9/17/22,Cleaning&body,1,1,1,13,13,100,13
9/17/22,Clothes,1,1,1,15,15,100,15
9/17/22,Drinks,3,3,1,38,12.66,100,38
9/17/22,General Food,16,64,4,524.06,32.75,100,524.06
9/17/22,Meat/Fish,7,9,1.3,120,17.14,100,120
9/17/22,Pinless Recharge,1,1,1,20,20,0,0
9/17/22,Service Fees,22,0,0,8.68,0.39,0,0
9/17/22,Snacks,2,7,3.5,9,4.5,100,9
9/18/22,General Food,1,1,1,7,7,100,7
9/18/22,Service Fees,1,0,0,0.3,0.3,0,0
9/18/22,Snacks,1,1,1,0.5,0.5,100,0.5
9/19/22,Drinks,1,1,1,40,40,100,40
9/19/22,Service Fees,1,0,0,0,0,0,0
9/20/22,Cleaning&body,1,1,1,13,13,100,13
9/20/22,Drinks,2,3,1.5,73,36.5,100,73
9/20/22,General Food,11,35,3.2,156.36,14.21,100,156.36
9/20/22,Meat/Fish,1,1,1,20,20,100,20
9/20/22,Service Fees,11,0,0,4.22,0.38,0,0
9/20/22,Snacks,2,5,2.5,5,2.5,100,5
9/21/22,Drinks,3,5,1.7,122,40.66,100,122
9/21/22,General Food,8,42,5.3,881.11,110.13,100,881.11
9/21/22,Service Fees,8,0,0,3,0.37,0,0
9/22/22,Drinks,6,8,1.3,78,13,100,78
9/22/22,General Food,11,33,3,326.33,29.66,100,326.33
9/22/22,Meat/Fish,2,6,3,80,40,100,80
9/22/22,Service Fees,13,0,0,3.66,0.28,0,0
9/22/22,Snacks,4,6,1.5,3.75,0.93,100,3.75
9/23/22,Condiments,1,2,2,3,3,100,3
9/23/22,Drinks,2,2,1,2.75,1.37,100,2.75
9/23/22,General Food,5,16,3.2,346.89,69.37,93.8,306.94
9/23/22,Meat/Fish,2,2,1,45,22.5,50,10
9/23/22,Service Fees,6,0,0,1.67,0.27,0,0
9/24/22,Drinks,2,5,2.5,79,39.5,100,79
9/24/22,General Food,16,63,3.9,662.27,41.39,100,662.27
9/24/22,Meat/Fish,2,2,1,23.5,11.75,100,23.5
9/24/22,Service Fees,16,0,0,7.32,0.45,0,0
9/25/22,Frozen,1,1,1,2,2,100,2
9/25/22,General Food,5,19,3.8,81.75,16.35,100,81.75
9/25/22,Meat/Fish,1,1,1,20,20,100,20
9/25/22,Service Fees,7,0,0,0.76,0.1,0,0
9/25/22,Snacks,1,1,1,0.25,0.25,100,0.25
9/26/22,Drinks,1,1,1,40,40,100,40
9/26/22,General Food,6,43,7.2,427.72,71.28,100,427.72
9/26/22,Service Fees,7,0,0,6.64,0.94,0,0
9/26/22,Snacks,1,2,2,2,2,100,2
9/27/22,Cleaning&body,1,4,4,37,37,100,37
9/27/22,General Food,2,6,3,38,19,100,38
9/27/22,Pinless Recharge,1,1,1,10,10,0,0
9/27/22,Service Fees,4,0,0,1,0.25,0,0
9/28/22,General Food,5,14,2.8,76,15.2,100,76
9/28/22,Meat/Fish,1,1,1,20,20,100,20
9/28/22,Service Fees,6,0,0,1,0.16,0,0
9/29/22,Cleaning&body,1,6,6,48,48,100,48
9/29/22,Drinks,2,5,2.5,5,2.5,100,5
9/29/22,General Food,11,88,8,1337.06,121.55,100,1337.06
9/29/22,Meat/Fish,3,3,1,40,13.33,100,40
9/29/22,Pinless Recharge,1,1,1,20,20,0,0
9/29/22,Service Fees,12,0,0,9.7,0.8,0,0
9/29/22,Snacks,2,4,2,1.75,0.87,100,1.75
9/30/22,Cleaning&body,1,1,1,8,8,100,8
9/30/22,Drinks,3,5,1.7,118,39.33,100,118
9/30/22,General Food,9,40,4.4,707.73,78.63,100,707.73
9/30/22,Meat/Fish,4,5,1.3,80,20,100,80
9/30/22,Pinless Recharge,1,1,1,10,10,0,0
9/30/22,Service Fees,10,0,0,7.42,0.74,0,0
10/1/22,Cleaning&body,1,1,1,8,8,100,8
10/1/22,Drinks,6,11,1.8,276,46,100,276
10/1/22,General Food,12,49,4.1,1114.87,92.9,100,1114.87
10/1/22,Meat/Fish,6,13,2.2,180,30,100,180
10/1/22,Service Fees,14,0,0,0.69,0.04,0,0
10/2/22,Cleaning&body,1,1,1,8,8,100,8
10/2/22,Clothes,1,2,2,20,20,100,20
10/2/22,Drinks,2,6,3,14,7,100,14
10/2/22,General Food,6,65,10.8,541.46,90.24,100,541.46
10/2/22,Meat/Fish,3,5,1.7,70,23.33,100,70
10/2/22,Service Fees,6,0,0,6.97,1.16,0,0
10/2/22,Snacks,1,2,2,2,2,100,2
10/3/22,Condiments,1,10,10,15,15,100,15
10/3/22,Drinks,2,2,1,72,36,100,72
10/3/22,General Food,12,83,6.9,1326.61,110.55,100,1326.61
10/3/22,Meat/Fish,2,2,1,30,15,100,30
10/3/22,Service Fees,12,0,0,2.44,0.2,0,0
10/3/22,Snacks,3,12,4,8.75,2.91,100,8.75
10/4/22,Cleaning&body,1,1,1,8,8,100,8
10/4/22,Drinks,4,6,1.5,84,21,100,84
10/4/22,General Food,19,126,6.6,2157.7,113.56,100,2157.7
10/4/22,Meat/Fish,5,6,1.2,70,14,100,70
10/4/22,Service Fees,19,0,0,7.6,0.4,0,0
10/5/22,Cleaning&body,1,1,1,8,8,100,8
10/5/22,Drinks,5,5,1,110,22,100,110
10/5/22,General Food,10,65,6.5,828.13,82.81,100,828.13
10/5/22,Meat/Fish,3,5,1.7,90,30,100,90
10/5/22,Service Fees,12,0,0,0,0,0,0
10/5/22,Snacks,2,7,3.5,3.75,1.87,100,3.75
10/6/22,Cleaning&body,1,2,2,20,20,100,20
10/6/22,Drinks,3,6,2,84,28,100,84
10/6/22,General Food,12,96,8,1498.98,124.91,100,1498.98
10/6/22,Meat/Fish,2,2,1,30,15,100,30
10/6/22,Service Fees,14,0,0,0.94,0.06,0,0
10/6/22,Snacks,1,8,8,4.5,4.5,100,4.5
10/7/22,Drinks,1,1,1,40,40,100,40
10/7/22,General Food,13,83,6.4,1103,84.84,100,1103
10/7/22,Meat/Fish,3,4,1.3,33.5,11.16,100,33.5
10/7/22,Pinless Recharge,2,2,1,15,7.5,0,0
10/7/22,Service Fees,15,0,0,9.77,0.65,0,0
10/7/22,Snacks,1,3,3,1.5,1.5,100,1.5
10/8/22,Cleaning&body,2,4,2,51,25.5,100,51
10/8/22,Drinks,1,4,4,6.5,6.5,100,6.5
10/8/22,General Food,5,41,8.2,225.81,45.16,100,225.81
10/8/22,Service Fees,6,0,0,3.82,0.63,0,0
10/9/22,Cleaning&body,1,2,2,10,10,100,10
10/9/22,Drinks,1,1,1,1,1,100,1
10/9/22,General Food,8,49,6.1,554.57,69.32,100,554.57
10/9/22,Meat/Fish,1,1,1,10,10,100,10
10/9/22,Service Fees,8,0,0,0,0,0,0
10/9/22,Snacks,1,1,1,1,1,100,1
10/10/22,Drinks,2,11,5.5,25.5,12.75,100,25.5
10/10/22,General Food,9,64,7.1,502.32,55.81,100,502.32
10/10/22,Service Fees,10,0,0,0.24,0.02,0,0
10/10/22,Snacks,3,7,2.3,5.25,1.75,100,5.25
10/11/22,Clothes,1,1,1,10,10,100,10
10/11/22,Drinks,3,5,1.7,114,38,100,114
10/11/22,General Food,11,75,6.8,1407.2,127.92,100,1407.2
10/11/22,Meat/Fish,4,4,1,50,12.5,100,50
10/11/22,Pinless Recharge,1,1,1,5,5,0,0
10/11/22,Service Fees,12,0,0,2.57,0.21,0,0
10/11/22,Snacks,3,9,3,7.5,2.5,100,7.5
10/12/22,General Food,2,6,3,102.99,51.49,100,102.99
10/12/22,Meat/Fish,1,1,1,10,10,100,10
10/12/22,Service Fees,2,0,0,1.72,0.86,0,0
10/13/22,General Food,5,30,6,265.33,53.06,100,265.33
10/13/22,Service Fees,5,0,0,5.96,1.19,0,0
10/14/22,Drinks,5,5,1,118,23.6,100,118
10/14/22,General Food,15,81,5.4,542.96,36.19,100,542.96
10/14/22,Meat/Fish,2,2,1,30,15,100,30
10/14/22,Pinless Recharge,1,1,1,20,20,0,0
10/14/22,Service Fees,17,0,0,8.15,0.47,0,0
10/14/22,Snacks,2,3,1.5,10.5,5.25,100,10.5
10/15/22,Drinks,4,7,1.8,116,29,100,116
10/15/22,General Food,6,43,7.2,701.06,116.84,100,701.06
10/15/22,Service Fees,7,0,0,1.24,0.17,0,0
10/16/22,General Food,6,25,4.2,240.46,40.07,100,240.46
10/16/22,Service Fees,6,0,0,3.62,0.6,0,0
10/17/22,General Food,2,12,6,128.49,64.24,100,128.49
10/17/22,Service Fees,2,0,0,5.14,2.57,0,0
10/18/22,General Food,7,43,6.1,469.99,67.14,100,469.99
10/18/22,Pinless Recharge,1,1,1,10,10,0,0
10/18/22,Service Fees,8,0,0,2.01,0.25,0,0
10/19/22,Cleaning&body,1,2,2,8,8,100,8
10/19/22,General Food,6,29,4.8,281.13,46.85,100,281.13
10/19/22,Meat/Fish,3,4,1.3,43.5,14.5,100,43.5
10/19/22,Service Fees,6,0,0,6.14,1.02,0,0
10/19/22,Snacks,1,2,2,0.5,0.5,100,0.5
10/20/22,Drinks,4,9,2.3,122,30.5,100,122
10/20/22,General Food,11,45,4.1,446.62,40.6,100,446.62
10/20/22,Meat/Fish,1,1,1,20,20,100,20
10/20/22,Pinless Recharge,2,2,1,20,10,0,0
10/20/22,Service Fees,13,0,0,6.6,0.5,0,0
10/20/22,Snacks,2,4,2,1.75,0.87,100,1.75
10/21/22,Drinks,2,3,1.5,38,19,100,38
10/21/22,General Food,5,30,6,251.59,50.31,100,251.59
10/21/22,Meat/Fish,1,1,1,10,10,100,10
10/21/22,Service Fees,5,0,0,0,0,0,0
10/21/22,Snacks,1,1,1,0.25,0.25,100,0.25
10/22/22,Drinks,2,2,1,37,18.5,100,37
10/22/22,General Food,13,100,7.7,607.36,46.72,100,607.36
10/22/22,Meat/Fish,2,2,1,20,10,100,20
10/22/22,Service Fees,13,0,0,0.76,0.05,0,0
10/22/22,Snacks,2,5,2.5,2.5,1.25,100,2.5
10/23/22,Drinks,2,14,7,14,7,100,14
10/23/22,General Food,5,34,6.8,918.9,183.78,100,918.9
10/23/22,Meat/Fish,2,7,3.5,130,65,100,130
10/23/22,Service Fees,6,0,0,1.26,0.21,0,0
10/23/22,Snacks,3,6,2,5.75,1.91,100,5.75
10/24/22,Clothes,1,1,1,10,10,100,10
10/24/22,Drinks,1,1,1,36,36,100,36
10/24/22,General Food,6,27,4.5,354.81,59.13,100,354.81
10/24/22,Meat/Fish,1,1,1,10,10,100,10
10/24/22,Service Fees,6,0,0,0,0,0,0
10/24/22,Snacks,1,1,1,1,1,100,1
10/25/22,Drinks,1,1,1,36,36,100,36
10/25/22,General Food,3,11,3.7,81.44,27.14,100,81.44
10/25/22,Meat/Fish,1,1,1,10,10,100,10
10/25/22,Pasta/Rice,1,1,1,10,10,100,10
10/25/22,Pinless Recharge,1,1,1,5,5,0,0
10/25/22,Service Fees,4,0,0,2.68,0.67,0,0
10/26/22,Drinks,1,3,3,38,38,100,38
10/26/22,General Food,5,20,4,317.62,63.52,100,317.62
10/26/22,Meat/Fish,2,3,1.5,40,20,100,40
10/26/22,Pasta/Rice,1,1,1,10,10,100,10
10/26/22,Service Fees,5,0,0,0,0,0,0
10/27/22,Cleaning&body,1,1,1,15,15,100,15
10/27/22,Clothes,1,1,1,230,230,100,230
10/27/22,Drinks,1,2,2,37,37,100,37
10/27/22,General Food,6,25,4.2,253.66,42.27,100,253.66
10/27/22,Meat/Fish,2,2,1,20,10,100,20
10/27/22,Service Fees,8,0,0,9.8,1.22,0,0
10/27/22,Snacks,1,4,4,1,1,100,1
10/28/22,Cleaning&body,1,2,2,32,32,100,32
10/28/22,General Food,9,17,1.9,241.35,26.81,100,241.35
10/28/22,Service Fees,9,0,0,5.01,0.55,0,0
10/28/22,Snacks,1,2,2,1,1,100,1
10/29/22,Drinks,1,2,2,76,76,100,76
10/29/22,General Food,9,43,4.8,599.39,66.59,100,599.39
10/29/22,Meat/Fish,5,5,1,50,10,100,50
10/29/22,Pinless Recharge,1,1,1,20,20,0,0
10/29/22,Service Fees,10,0,0,1.04,0.1,0,0
10/29/22,Snacks,2,8,4,3.75,1.87,100,3.75
10/30/22,General Food,4,10,2.5,80.96,20.24,100,80.96
10/30/22,Meat/Fish,1,1,1,10,10,100,10
10/30/22,Service Fees,4,0,0,2.64,0.66,0,0
10/31/22,Drinks,1,5,5,5,5,100,5
10/31/22,General Food,7,56,8,605,86.42,100,605
10/31/22,Meat/Fish,2,4,2,40,20,100,40
10/31/22,Pinless Recharge,1,1,1,5,5,0,0
10/31/22,Service Fees,8,0,0,13.26,1.65,0,0
10/31/22,Snacks,1,2,2,0.5,0.5,100,0.5
11/1/22,General Food,3,7,2.3,129.97,43.32,100,129.97
11/1/22,Service Fees,3,0,0,0,0,0,0
11/2/22,Drinks,5,7,1.4,233,46.6,100,233
11/2/22,General Food,8,66,8.3,1215.53,151.94,100,1215.53
11/2/22,Meat/Fish,3,5,1.7,50,16.66,100,50
11/2/22,Service Fees,9,0,0,0.8,0.08,0,0
11/2/22,Snacks,1,2,2,1,1,100,1
11/3/22,Drinks,4,5,1.3,157,39.25,100,157
11/3/22,General Food,10,97,9.7,1634.77,163.47,100,1634.77
11/3/22,Meat/Fish,3,3,1,50,16.66,100,50
11/3/22,Service Fees,11,0,0,9.04,0.82,0,0
11/3/22,Snacks,1,4,4,1,1,100,1
11/4/22,Drinks,8,14,1.8,162,20.25,100,162
11/4/22,General Food,20,191,9.6,2788.77,139.43,100,2788.77
11/4/22,Meat/Fish,2,2,1,30,15,100,30
11/4/22,Pinless Recharge,1,1,1,5,5,0,0
11/4/22,Service Fees,21,0,0,15.17,0.72,0,0
11/4/22,Snacks,3,13,4.3,8.75,2.91,100,8.75
11/5/22,Cleaning&body,2,2,1,18,9,100,18
11/5/22,General Food,16,91,5.7,1215.23,75.95,100,1215.23
11/5/22,Meat/Fish,1,2,2,40,40,100,40
11/5/22,Pinless Recharge,1,1,1,5,5,0,0
11/5/22,Service Fees,19,0,0,3.4,0.17,0,0
11/5/22,Snacks,1,2,2,1.5,1.5,100,1.5
11/6/22,Cleaning&body,2,3,1.5,41,20.5,100,41
11/6/22,General Food,11,53,4.8,1096.35,99.66,100,1096.35
11/6/22,Meat/Fish,3,4,1.3,60,20,100,60
11/6/22,Service Fees,12,0,0,22.06,1.83,0,0
11/6/22,Snacks,1,1,1,0.25,0.25,100,0.25
11/7/22,Drinks,9,17,1.9,126,14,100,126
11/7/22,General Food,19,130,6.8,2818.26,148.32,100,2818.26
11/7/22,Meat/Fish,5,5,1,70,14,100,70
11/7/22,Service Fees,20,0,0,7.25,0.36,0,0
11/7/22,Snacks,1,1,1,0.5,0.5,100,0.5
11/8/22,Cleaning&body,2,2,1,36,18,100,36
11/8/22,Drinks,6,6,1,193,32.16,100,193
11/8/22,General Food,17,99,5.8,1625.98,95.64,100,1625.98
11/8/22,Meat/Fish,1,1,1,20,20,100,20
11/8/22,Pinless Recharge,2,2,1,25,12.5,0,0
11/8/22,Service Fees,20,0,0,4.32,0.21,0,0
11/8/22,Snacks,1,6,6,3,3,100,3
11/9/22,Drinks,3,4,1.3,152,50.66,100,152
11/9/22,General Food,16,118,7.4,2305.6,144.1,100,2305.6
11/9/22,Meat/Fish,3,3,1,50,16.66,100,50
11/9/22,Service Fees,16,0,0,0.48,0.03,0,0
11/9/22,Snacks,3,11,3.7,8.5,2.83,100,8.5
11/10/22,Drinks,4,9,2.3,227,56.75,100,227
11/10/22,General Food,8,58,7.3,1001.8,125.22,100,1001.8
11/10/22,Service Fees,8,0,0,0,0,0,0
11/10/22,Snacks,2,5,2.5,2,1,100,2
11/11/22,Cleaning&body,2,6,3,96,48,100,96
11/11/22,Drinks,1,1,1,36,36,100,36
11/11/22,General Food,9,139,15.4,974.27,108.25,100,974.27
11/11/22,Meat/Fish,1,2,2,20,20,100,20
11/11/22,Service Fees,9,0,0,0,0,0,0
11/11/22,Snacks,3,17,5.7,9.25,3.08,100,9.25
11/12/22,Drinks,2,2,1,37,18.5,100,37
11/12/22,General Food,8,55,6.9,678.96,84.87,100,678.96
11/12/22,Meat/Fish,2,7,3.5,110,55,100,110
11/12/22,Service Fees,10,0,0,5.96,0.59,0,0
11/13/22,Cleaning&body,2,7,3.5,42,21,100,42
11/13/22,General Food,9,25,2.8,326.43,36.27,100,326.43
11/13/22,Meat/Fish,1,1,1,20,20,100,20
11/13/22,Service Fees,10,0,0,4.86,0.48,0,0
11/13/22,Snacks,1,2,2,1,1,100,1
11/14/22,Drinks,2,3,1.5,116,58,100,116
11/14/22,General Food,4,18,4.5,439.17,109.79,100,439.17
11/14/22,Meat/Fish,1,1,1,10,10,100,10
11/14/22,Pinless Recharge,1,1,1,20,20,0,0
11/14/22,Service Fees,5,0,0,0.96,0.19,0,0
11/14/22,Snacks,1,4,4,1,1,100,1
11/15/22,Cleaning&body,1,1,1,16,16,100,16
11/15/22,General Food,4,71,17.8,645.13,161.28,100,645.13
11/15/22,Meat/Fish,1,1,1,10,10,100,10
11/15/22,Service Fees,4,0,0,0,0,0,0
11/15/22,Snacks,1,1,1,0.5,0.5,100,0.5
11/16/22,Cleaning&body,4,6,1.5,46,11.5,100,46
11/16/22,Drinks,1,1,1,36,36,100,36
11/16/22,General Food,10,72,7.2,1272.98,127.29,100,1272.98
11/16/22,Meat/Fish,2,3,1.5,60,30,100,60
11/16/22,Service Fees,11,0,0,1.18,0.1,0,0
11/17/22,Cleaning&body,4,5,1.3,80,20,100,80
11/17/22,Clothes,1,1,1,10,10,100,10
11/17/22,Drinks,2,5,2.5,153,76.5,100,153
11/17/22,General Food,11,86,7.8,1252.34,113.84,100,1252.34
11/17/22,Meat/Fish,2,2,1,40,20,100,40
11/17/22,Service Fees,12,0,0,1.87,0.15,0,0
11/17/22,Snacks,4,23,5.8,10,2.5,100,10
11/18/22,Drinks,2,5,2.5,75,37.5,100,75
11/18/22,General Food,5,36,7.2,1112.18,222.43,100,1112.18
11/18/22,Meat/Fish,2,2,1,30,15,100,30
11/18/22,Pinless Recharge,1,1,1,10,10,0,0
11/18/22,Service Fees,8,0,0,4.94,0.61,0,0
11/18/22,Snacks,2,2,1,1,0.5,100,1
11/19/22,Drinks,1,2,2,37,37,100,37
11/19/22,General Food,5,21,4.2,294.37,58.87,100,294.37
11/19/22,Meat/Fish,1,2,2,40,40,100,40
11/19/22,Service Fees,6,0,0,0.84,0.14,0,0
11/19/22,Snacks,1,3,3,0.75,0.75,100,0.75
11/20/22,Drinks,1,1,1,36,36,100,36
11/20/22,General Food,9,53,5.9,898.5,99.83,100,898.5
11/20/22,Meat/Fish,1,2,2,40,40,100,40
11/20/22,Pasta/Rice,1,1,1,10,10,100,10
11/20/22,Service Fees,11,0,0,7.53,0.68,0,0
11/20/22,Snacks,1,1,1,0.25,0.25,100,0.25
11/21/22,General Food,5,30,6,243.45,48.69,100,243.45
11/21/22,Service Fees,5,0,0,0,0,0,0
11/22/22,General Food,6,21,3.5,420.08,70.01,100,420.08
11/22/22,Service Fees,6,0,0,3.39,0.56,0,0
11/23/22,Cleaning&body,3,4,1.3,61,20.33,100,61
11/23/22,Drinks,1,1,1,9,9,100,9
11/23/22,General Food,16,110,6.9,749.01,46.81,100,749.01
11/23/22,Meat/Fish,2,4,2,50.5,25.25,100,50.5
11/23/22,Service Fees,18,0,0,6.68,0.37,0,0
11/23/22,Snacks,1,4,4,12.25,12.25,100,12.25
11/24/22,General Food,4,32,8,579.85,144.96,100,579.85
11/24/22,Meat/Fish,1,4,4,14,14,100,14
11/24/22,Service Fees,4,0,0,0.21,0.05,0,0
11/25/22,General Food,4,13,3.3,85.44,21.36,100,85.44
11/25/22,Pinless Recharge,1,1,1,2,2,0,0
11/25/22,Service Fees,5,0,0,2.44,0.48,0,0
11/26/22,Cleaning&body,1,1,1,35,35,100,35
11/26/22,Drinks,1,1,1,1.2,1.2,100,1.2
11/26/22,General Food,4,16,4,89.05,22.26,100,89.05
11/26/22,Service Fees,5,0,0,1.4,0.28,0,0
11/27/22,Drinks,2,12,6,90,45,100,90
11/27/22,General Food,5,28,5.6,485.77,97.15,100,485.77
11/27/22,Service Fees,5,0,0,7.07,1.41,0,0
11/28/22,Cleaning&body,1,1,1,2.5,2.5,100,2.5
11/28/22,General Food,5,49,9.8,362.71,72.54,100,362.71
11/28/22,Service Fees,5,0,0,3.3,0.66,0,0
11/29/22,General Food,7,17,2.4,223.43,31.91,100,223.43
11/29/22,Meat/Fish,1,1,1,50,50,100,50
11/29/22,Service Fees,7,0,0,3.4,0.48,0,0
11/30/22,General Food,4,17,4.3,252.94,63.23,100,252.94
11/30/22,Meat/Fish,1,3,3,50,50,100,50
11/30/22,Service Fees,4,0,0,3.88,0.97,0,0
12/1/22,Cleaning&body,2,5,2.5,68.39,34.19,100,68.39
12/1/22,General Food,2,3,1.5,51.5,25.75,100,51.5
12/1/22,Household,1,1,1,1,1,100,1
12/1/22,Meat/Fish,1,1,1,20,20,100,20
12/1/22,Service Fees,4,0,0,0,0,0,0
12/1/22,Snacks,1,1,1,0.5,0.5,100,0.5
12/2/22,General Food,6,26,4.3,139.41,23.23,100,139.41
12/2/22,Meat/Fish,1,1,1,20,20,100,20
12/2/22,Service Fees,6,0,0,3.78,0.63,0,0
12/3/22,Cleaning&body,1,1,1,2,2,100,2
12/3/22,General Food,6,49,8.2,314.57,52.42,100,314.57
12/3/22,Meat/Fish,1,2,2,30,30,100,30
12/3/22,Service Fees,6,0,0,10.74,1.79,0,0
12/4/22,General Food,3,9,3,85.95,28.65,100,85.95
12/4/22,Meat/Fish,1,1,1,20,20,100,20
12/4/22,Service Fees,3,0,0,3.76,1.25,0,0
12/4/22,Snacks,1,2,2,1,1,100,1
12/5/22,General Food,9,36,4,263.07,29.23,100,263.07
12/5/22,Service Fees,9,0,0,3.13,0.34,0,0
12/6/22,Drinks,2,2,1,2,1,100,2
12/6/22,General Food,6,53,8.8,397.57,66.26,100,397.57
12/6/22,Service Fees,6,0,0,0.16,0.02,0,0
12/6/22,Snacks,1,2,2,1,1,100,1
12/7/22,Drinks,3,7,2.3,15,5,100,15
12/7/22,General Food,5,49,9.8,440.18,88.03,100,440.18
12/7/22,Service Fees,5,0,0,0,0,0,0
12/7/22,Snacks,2,3,1.5,1.5,0.75,100,1.5
12/8/22,Drinks,1,2,2,2,2,100,2
12/8/22,General Food,16,126,7.9,1403.87,87.74,100,1403.87
12/8/22,Meat/Fish,8,13,1.6,130.5,16.31,100,130.5
12/8/22,Pasta/Rice,1,1,1,10,10,100,10
12/8/22,Pinless Recharge,1,1,1,20,20,0,0
12/8/22,Service Fees,17,0,0,2.48,0.14,0,0
12/9/22,Clothes,1,1,1,10,10,100,10
12/9/22,Drinks,8,14,1.8,291,36.37,100,291
12/9/22,General Food,16,135,8.4,1773.05,110.81,100,1773.05
12/9/22,Meat/Fish,4,6,1.5,100,25,100,100
12/9/22,Service Fees,16,0,0,2.04,0.12,0,0
12/9/22,Snacks,2,3,1.5,2.5,1.25,100,2.5
12/10/22,Cleaning&body,2,3,1.5,22,11,100,22
12/10/22,Drinks,3,6,2,76,25.33,100,76
12/10/22,General Food,12,74,6.2,797.52,66.46,100,797.52
12/10/22,Meat/Fish,4,4,1,60,15,100,60
12/10/22,Service Fees,13,0,0,8.2,0.63,0,0
12/11/22,General Food,4,16,4,148.86,37.21,100,148.86
12/11/22,Meat/Fish,1,1,1,10,10,100,10
12/11/22,Service Fees,4,0,0,3.2,0.8,0,0
12/12/22,Drinks,3,3,1,112,37.33,100,112
12/12/22,General Food,6,36,6,702.02,117,100,702.02
12/12/22,Meat/Fish,1,2,2,20,20,100,20
12/12/22,Pinless Recharge,1,1,1,20,20,0,0
12/12/22,Service Fees,8,0,0,0,0,0,0
12/12/22,Snacks,1,1,1,1,1,100,1
12/13/22,General Food,9,57,6.3,1014.29,112.69,100,1014.29
12/13/22,Meat/Fish,3,4,1.3,60,20,100,60
12/13/22,Service Fees,10,0,0,7.25,0.72,0,0
12/14/22,Cleaning&body,1,1,1,16,16,100,16
12/14/22,Drinks,2,3,1.5,38,19,100,38
12/14/22,General Food,10,62,6.2,843.44,84.34,100,843.44
12/14/22,Meat/Fish,2,4,2,40,20,100,40
12/14/22,Service Fees,10,0,0,3.21,0.32,0,0
12/14/22,Snacks,3,5,1.7,2.5,0.83,100,2.5
12/15/22,Drinks,3,5,1.7,40,13.33,100,40
12/15/22,General Food,13,65,5,613.51,47.19,100,613.51
12/15/22,Meat/Fish,5,10,2,160,32,100,160
12/15/22,Service Fees,13,0,0,10.68,0.82,0,0
12/15/22,Snacks,1,1,1,0.5,0.5,100,0.5
12/16/22,Drinks,1,1,1,40,40,100,40
12/16/22,General Food,4,26,6.5,268.47,67.11,100,268.47
12/16/22,Meat/Fish,2,2,1,40,20,100,40
12/16/22,Service Fees,5,0,0,3.44,0.68,0,0
12/17/22,General Food,4,40,10,217.03,54.25,100,217.03
12/17/22,Service Fees,4,0,0,1.8,0.45,0,0
12/18/22,Clothes,1,1,1,10,10,100,10
12/18/22,Drinks,1,4,4,74,74,100,74
12/18/22,General Food,5,26,5.2,241.4,48.28,100,241.4
12/18/22,Meat/Fish,2,3,1.5,40,20,100,40
12/18/22,Service Fees,5,0,0,1.18,0.23,0,0
12/18/22,Snacks,1,2,2,2,2,100,2
12/19/22,Drinks,1,2,2,2,2,100,2
12/19/22,General Food,13,82,6.3,864.69,66.51,100,864.69
12/19/22,Meat/Fish,5,6,1.2,100,20,100,100
12/19/22,Service Fees,13,0,0,1.96,0.15,0,0
12/20/22,Drinks,3,5,1.7,44,14.66,100,44
12/20/22,General Food,9,37,4.1,616.11,68.45,100,616.11
12/20/22,Meat/Fish,3,5,1.7,70,23.33,100,70
12/20/22,Service Fees,9,0,0,4.72,0.52,0,0
12/21/22,Drinks,2,3,1.5,73,36.5,100,73
12/21/22,General Food,8,24,3,303,37.87,100,303
12/21/22,Meat/Fish,2,3,1.5,40,20,100,40
12/21/22,Service Fees,9,0,0,5.84,0.64,0,0
12/22/22,Clothes,1,2,2,100,100,100,100
12/22/22,General Food,9,94,10.4,697.9,77.54,100,697.9
12/22/22,Meat/Fish,2,6,3,80,40,100,80
12/22/22,Service Fees,10,0,0,4,0.4,0,0
12/23/22,General Food,3,7,2.3,83.97,27.99,100,83.97
12/23/22,Service Fees,3,0,0,1.08,0.36,0,0
12/24/22,Cleaning&body,1,1,1,5,5,100,5
12/24/22,General Food,5,48,9.6,320.78,64.15,100,320.78
12/24/22,Meat/Fish,1,1,1,10,10,100,10
12/24/22,Service Fees,5,0,0,2.84,0.56,0,0
12/26/22,Cleaning&body,1,1,1,16,16,100,16
12/26/22,Condiments,1,2,2,3,3,100,3
12/26/22,Drinks,4,4,1,148,37,100,148
12/26/22,General Food,11,64,5.8,1047.78,95.25,100,1047.78
12/26/22,Meat/Fish,4,7,1.8,85,21.25,100,85
12/26/22,Service Fees,11,0,0,12.18,1.1,0,0
12/26/22,Snacks,3,4,1.3,3.25,1.08,100,3.25
12/27/22,Cleaning&body,1,1,1,4,4,100,4
12/27/22,Drinks,1,3,3,38,38,100,38
12/27/22,General Food,7,52,7.4,647.78,92.54,100,647.78
12/27/22,Household,1,1,1,17,17,100,17
12/27/22,Meat/Fish,3,4,1.3,80,26.66,100,80
12/27/22,Pasta/Rice,1,1,1,10,10,100,10
12/27/22,Service Fees,9,0,0,2.48,0.27,0,0
12/27/22,Snacks,1,2,2,1,1,100,1
12/28/22,Drinks,2,4,2,117,58.5,100,117
12/28/22,General Food,17,95,5.6,1887.35,111.02,100,1887.35
12/28/22,Meat/Fish,1,3,3,60,60,100,60
12/28/22,Service Fees,18,0,0,2.28,0.12,0,0
12/28/22,Snacks,1,1,1,0.25,0.25,100,0.25
12/29/22,Drinks,2,4,2,41,20.5,100,41
12/29/22,General Food,5,28,5.6,714.44,142.88,100,714.44
12/29/22,Meat/Fish,1,2,2,20,20,100,20
12/29/22,Pinless Recharge,1,1,1,20,20,0,0
12/29/22,Service Fees,7,0,0,2.76,0.39,0,0
12/29/22,Snacks,1,2,2,1,1,100,1
12/30/22,Cleaning&body,3,4,1.3,70,23.33,100,70
12/30/22,Condiments,1,4,4,6,6,100,6
12/30/22,Drinks,2,3,1.5,42,21,100,42
12/30/22,General Food,9,115,12.8,935.73,103.97,100,935.73
12/30/22,Meat/Fish,2,3,1.5,60,30,100,60
12/30/22,Service Fees,10,0,0,5.48,0.54,0,0
12/30/22,Snacks,1,4,4,8,8,100,8
12/31/22,Clothes,1,1,1,5,5,100,5
12/31/22,Drinks,3,4,1.3,12,4,100,12
12/31/22,General Food,23,75,3.3,945.41,41.1,100,945.41
12/31/22,Meat/Fish,4,4,1,70,17.5,100,70
12/31/22,Service Fees,24,0,0,7.76,0.32,0,0
12/31/22,Snacks,2,5,2.5,6.25,3.12,100,6.25
1/2/23,Cleaning&body,1,1,1,3,3,100,3
1/2/23,Drinks,1,4,4,39,39,100,39
1/2/23,General Food,8,30,3.8,406.02,50.75,100,406.02
1/2/23,Meat/Fish,3,6,2,90,30,100,90
1/2/23,Service Fees,8,0,0,2.56,0.32,0,0
1/2/23,Snacks,2,2,1,0.5,0.25,100,0.5
1/3/23,Cleaning&body,1,2,2,10,10,100,10
1/3/23,Drinks,4,6,1.5,228,57,100,228
1/3/23,General Food,12,74,6.2,2087.83,173.98,100,2087.83
1/3/23,Meat/Fish,2,2,1,20,10,100,20
1/3/23,Pinless Recharge,1,1,1,5,5,0,0
1/3/23,Service Fees,13,0,0,3.2,0.24,0,0
1/3/23,Snacks,1,2,2,1,1,100,1
1/4/23,Drinks,3,4,1.3,86,28.66,100,86
1/4/23,General Food,11,49,4.5,586.97,53.36,100,586.97
1/4/23,Meat/Fish,3,3,1,50,16.66,100,50
1/4/23,Service Fees,11,0,0,1,0.09,0,0
1/4/23,Snacks,3,8,2.7,3.5,1.16,100,3.5
1/5/23,Drinks,2,2,1,76,38,100,76
1/5/23,General Food,13,47,3.6,1165.09,89.62,100,1165.09
1/5/23,Meat/Fish,1,1,1,10,10,100,10
1/5/23,Pinless Recharge,1,1,1,20,20,0,0
1/5/23,Service Fees,14,0,0,2.68,0.19,0,0
1/5/23,Snacks,1,2,2,2,2,100,2
1/6/23,Drinks,4,8,2,116.75,29.18,100,116.75
1/6/23,General Food,14,58,4.1,444.5,31.75,100,444.5
1/6/23,Meat/Fish,6,11,1.8,160,26.66,100,160
1/6/23,Pinless Recharge,1,1,1,5,5,0,0
1/6/23,Service Fees,19,0,0,5.16,0.27,0,0
1/6/23,Snacks,4,5,1.3,12.25,3.06,100,12.25
1/7/23,Drinks,2,2,1,72,36,100,72
1/7/23,General Food,18,121,6.7,1069.01,59.38,100,1069.01
1/7/23,Meat/Fish,5,6,1.2,110,22,100,110
1/7/23,Service Fees,19,0,0,11.15,0.58,0,0
1/7/23,Snacks,1,8,8,8,8,100,8
1/8/23,Drinks,1,1,1,36,36,100,36
1/8/23,General Food,6,28,4.7,561.64,93.6,100,561.64
1/8/23,Meat/Fish,3,3,1,40,13.33,100,40
1/8/23,Service Fees,6,0,0,0.48,0.08,0,0
1/8/23,Snacks,1,1,1,0.25,0.25,100,0.25
1/9/23,Cleaning&body,1,1,1,13,13,100,13
1/9/23,Drinks,8,12,1.5,265.5,33.18,100,265.5
1/9/23,General Food,21,140,6.7,1339.7,63.79,100,1339.7
1/9/23,Meat/Fish,1,2,2,40,40,100,40
1/9/23,Pasta/Rice,1,1,1,10,10,100,10
1/9/23,Service Fees,23,0,0,8.3,0.36,0,0
1/9/23,Snacks,2,6,3,1.75,0.87,100,1.75
1/10/23,Cleaning&body,2,2,1,18,9,100,18
1/10/23,Clothes,1,1,1,10,10,100,10
1/10/23,Drinks,2,5,2.5,40,20,100,40
1/10/23,General Food,10,32,3.2,641.1,64.11,100,641.1
1/10/23,Meat/Fish,4,8,2,123.5,30.87,100,123.5
1/10/23,Pasta/Rice,1,1,1,10,10,100,10
1/10/23,Service Fees,12,0,0,2.8,0.23,0,0
1/11/23,Drinks,2,3,1.5,38,19,100,38
1/11/23,General Food,15,60,4,739.79,49.31,100,739.79
1/11/23,Meat/Fish,5,9,1.8,150,30,100,150
1/11/23,Service Fees,17,0,0,3.16,0.18,0,0
1/12/23,Cleaning&body,1,1,1,15,15,100,15
1/12/23,General Food,10,39,3.9,437.91,43.79,100,437.91
1/12/23,Meat/Fish,3,8,2.7,130,43.33,100,130
1/12/23,Service Fees,10,0,0,11.6,1.16,0,0
1/13/23,Cleaning&body,1,2,2,25,25,100,25
1/13/23,Drinks,1,1,1,36,36,100,36
1/13/23,General Food,14,77,5.5,934.98,66.78,100,934.98
1/13/23,Meat/Fish,7,11,1.6,190,27.14,100,190
1/13/23,Pinless Recharge,1,1,1,5,5,0,0
1/13/23,Service Fees,15,0,0,1.28,0.08,0,0
1/13/23,Snacks,1,1,1,0.5,0.5,100,0.5
1/14/23,Drinks,1,4,4,55,55,100,55
1/14/23,General Food,18,95,5.3,922.8,51.26,100,922.8
1/14/23,Meat/Fish,3,4,1.3,70,23.33,100,70
1/14/23,Service Fees,18,0,0,6.48,0.36,0,0
1/14/23,Snacks,1,4,4,3.25,3.25,100,3.25
1/15/23,Drinks,2,3,1.5,3,1.5,100,3
1/15/23,General Food,10,42,4.2,210.57,21.05,100,210.57
1/15/23,Meat/Fish,4,6,1.5,95,23.75,100,95
1/15/23,Service Fees,11,0,0,3.04,0.27,0,0
1/15/23,Snacks,2,4,2,2.5,1.25,100,2.5
1/16/23,Drinks,1,1,1,40,40,100,40
1/16/23,General Food,2,5,2.5,152.26,76.13,100,152.26
1/16/23,Meat/Fish,2,2,1,30,15,100,30
1/16/23,Pinless Recharge,1,1,1,20,20,0,0
1/16/23,Service Fees,4,0,0,0,0,0,0
1/17/23,Calling Card,1,2,2,8,8,100,8
1/17/23,Cleaning&body,1,1,1,17,17,100,17
1/17/23,Drinks,1,1,1,36,36,100,36
1/17/23,General Food,5,31,6.2,499.37,99.87,100,499.37
1/17/23,Meat/Fish,1,2,2,40,40,100,40
1/17/23,Service Fees,6,0,0,3.12,0.52,0,0
1/18/23,Drinks,2,4,2,40.75,20.37,100,40.75
1/18/23,General Food,13,54,4.2,627.22,48.24,100,627.22
1/18/23,Meat/Fish,2,3,1.5,60,30,100,60
1/18/23,Service Fees,15,0,0,6.32,0.42,0,0
1/18/23,Snacks,1,1,1,0.5,0.5,100,0.5
1/19/23,Drinks,4,11,2.8,89,22.25,100,89
1/19/23,General Food,10,79,7.9,935.39,93.53,100,935.39
1/19/23,Meat/Fish,3,4,1.3,70,23.33,100,70
1/19/23,Service Fees,11,0,0,0.2,0.01,0,0
1/20/23,Cleaning&body,1,1,1,5,5,100,5
1/20/23,Condiments,3,6,2,9,3,100,9
1/20/23,Drinks,4,8,2,152,38,100,152
1/20/23,General Food,9,32,3.6,539.76,59.97,100,539.76
1/20/23,Meat/Fish,2,3,1.5,50,25,100,50
1/20/23,Service Fees,10,0,0,2.96,0.29,0,0
1/21/23,Condiments,2,2,1,3,1.5,100,3
1/21/23,Drinks,2,7,3.5,40.5,20.25,100,40.5
1/21/23,General Food,7,170,24.3,455.9,65.12,100,455.9
1/21/23,Meat/Fish,1,7,7,70,70,100,70
1/21/23,Pinless Recharge,1,1,1,10,10,0,0
1/21/23,Service Fees,9,0,0,0.96,0.1,0,0
1/21/23,Snacks,2,3,1.5,3.49,1.74,100,3.49
1/22/23,Condiments,1,2,2,3,3,100,3
1/22/23,Drinks,1,1,1,36,36,100,36
1/22/23,General Food,5,16,3.2,180.07,36.01,100,180.07
1/22/23,Meat/Fish,1,1,1,20,20,100,20
1/22/23,Service Fees,5,0,0,1.28,0.25,0,0
1/23/23,Drinks,3,5,1.7,44,14.66,100,44
1/23/23,General Food,13,71,5.5,1029.61,79.2,100,1029.61
1/23/23,Service Fees,13,0,0,5.48,0.42,0,0
1/24/23,Drinks,1,1,1,36,36,100,36
1/24/23,General Food,5,28,5.6,370.19,74.03,100,370.19
1/24/23,Meat/Fish,2,3,1.5,60,30,100,60
1/24/23,Pasta/Rice,1,1,1,10,10,100,10
1/24/23,Service Fees,5,0,0,0,0,0,0
1/24/23,Snacks,1,3,3,0.75,0.75,100,0.75
1/25/23,General Food,3,29,9.7,141.63,47.21,100,141.63
1/25/23,Meat/Fish,1,2,2,40,40,100,40
1/25/23,Service Fees,3,0,0,6.87,2.29,0,0
1/26/23,General Food,11,38,3.5,522.93,47.53,100,522.93
1/26/23,Meat/Fish,2,3,1.5,60,30,100,60
1/26/23,Service Fees,11,0,0,8,0.72,0,0
1/27/23,Drinks,1,4,4,4,4,100,4
1/27/23,General Food,6,16,2.7,155.92,25.98,100,155.92
1/27/23,Service Fees,6,0,0,4.84,0.8,0,0
1/28/23,Drinks,1,4,4,39,39,100,39
1/28/23,General Food,5,30,6,412.84,82.56,100,412.84
1/28/23,Meat/Fish,2,2,1,20,10,100,20
1/28/23,Service Fees,6,0,0,2.22,0.37,0,0
1/29/23,General Food,5,12,2.4,221.91,44.38,100,221.91
1/29/23,Meat/Fish,1,1,1,20,20,100,20
1/29/23,Service Fees,5,0,0,7.24,1.44,0,0
1/30/23,Drinks,1,1,1,36,36,100,36
1/30/23,General Food,5,37,7.4,820.31,164.06,100,820.31
1/30/23,Meat/Fish,1,1,1,10,10,100,10
1/30/23,Service Fees,5,0,0,0.4,0.08,0,0
1/31/23,General Food,5,14,2.8,233.2,46.64,100,233.2
1/31/23,Meat/Fish,2,3,1.5,60,30,100,60
1/31/23,Pinless Recharge,1,1,1,5,5,0,0
1/31/23,Service Fees,6,0,0,2.72,0.45,0,0
2/1/23,Drinks,3,6,2,76,25.33,100,76
2/1/23,General Food,10,44,4.4,706.31,70.63,100,706.31
2/1/23,Meat/Fish,2,5,2.5,70,35,100,70
2/1/23,Misc.,1,1,1,15,15,100,15
2/1/23,Service Fees,10,0,0,0.78,0.07,0,0
2/1/23,Snacks,2,17,8.5,8.5,4.25,100,8.5
2/2/23,Condiments,2,2,1,3,1.5,100,3
2/2/23,Drinks,1,1,1,36,36,100,36
2/2/23,General Food,4,22,5.5,280.7,70.17,100,280.7
2/2/23,Meat/Fish,4,5,1.3,80,20,100,80
2/2/23,Service Fees,7,0,0,0.8,0.11,0,0
2/2/23,Snacks,1,2,2,0.5,0.5,100,0.5
2/3/23,Drinks,6,10,1.7,302,50.33,100,302
2/3/23,General Food,7,46,6.6,679.32,97.04,100,679.32
2/3/23,Meat/Fish,2,5,2.5,60,30,100,60
2/3/23,Pinless Recharge,1,1,1,5,5,0,0
2/3/23,Service Fees,9,0,0,0.68,0.07,0,0
2/3/23,Snacks,1,2,2,0.5,0.5,100,0.5
2/4/23,Cleaning&body,2,3,1.5,41,20.5,100,41
2/4/23,General Food,9,127,14.1,1139.91,126.65,100,1139.91
2/4/23,Household,1,3,3,21,21,100,21
2/4/23,Meat/Fish,2,5,2.5,100,50,100,100
2/4/23,Service Fees,9,0,0,18.24,2.02,0,0
2/5/23,Drinks,2,3,1.5,38,19,100,38
2/5/23,General Food,3,13,4.3,137.91,45.97,100,137.91
2/5/23,Household,1,1,1,23.99,23.99,100,23.99
2/5/23,Service Fees,3,0,0,1.8,0.6,0,0
2/5/23,Snacks,1,1,1,2,2,100,2
2/6/23,Cleaning&body,2,3,1.5,23,11.5,100,23
2/6/23,Condiments,1,10,10,15,15,100,15
2/6/23,Drinks,4,7,1.8,160.5,40.12,100,160.5
2/6/23,General Food,14,103,7.4,1900.21,135.72,100,1900.21
2/6/23,Household,1,1,1,23.99,23.99,100,23.99
2/6/23,Meat/Fish,3,7,2.3,80,26.66,100,80
2/6/23,Service Fees,15,0,0,6.04,0.4,0,0
2/6/23,Snacks,1,6,6,12,12,100,12
2/7/23,Drinks,2,3,1.5,81,40.5,100,81
2/7/23,General Food,7,27,3.9,667.67,95.38,100,667.67
2/7/23,Meat/Fish,1,1,1,20,20,100,20
2/7/23,Misc.,1,1,1,15,15,100,15
2/7/23,Service Fees,7,0,0,0.52,0.07,0,0
2/7/23,Snacks,1,1,1,1,1,100,1
2/8/23,Cleaning&body,1,1,1,5,5,100,5
2/8/23,Drinks,3,5,1.7,126,42,100,126
2/8/23,General Food,12,78,6.5,947.71,78.97,100,947.71
2/8/23,Meat/Fish,1,2,2,20,20,100,20
2/8/23,Service Fees,12,0,0,8.56,0.71,0,0
2/8/23,Snacks,1,1,1,1,1,100,1
2/9/23,Drinks,8,13,1.6,192,24,100,192
2/9/23,General Food,23,156,6.8,2237.44,97.28,100,2237.44
2/9/23,Household,7,16,2.3,71.84,10.26,100,71.84
2/9/23,Meat/Fish,7,9,1.3,130,18.57,100,130
2/9/23,Service Fees,24,0,0,8.45,0.35,0,0
2/9/23,Snacks,2,2,1,1,0.5,100,1
2/10/23,Cleaning&body,1,1,1,20,20,100,20
2/10/23,Drinks,2,2,1,37,18.5,100,37
2/10/23,General Food,12,126,10.5,936.27,78.02,100,936.27
2/10/23,Household,1,1,1,3.99,3.99,100,3.99
2/10/23,Meat/Fish,4,6,1.5,100,25,100,100
2/10/23,Service Fees,13,0,0,1.49,0.11,0,0
2/10/23,Snacks,2,3,1.5,2,1,100,2
2/11/23,Cleaning&body,1,1,1,5,5,100,5
2/11/23,General Food,8,54,6.8,367.26,45.9,100,367.26
2/11/23,Meat/Fish,1,1,1,20,20,100,20
2/11/23,Service Fees,8,0,0,4.32,0.54,0,0
2/12/23,Clothes,1,1,1,10,10,100,10
2/12/23,Drinks,1,2,2,80,80,100,80
2/12/23,General Food,3,12,4,100.9,33.63,100,100.9
2/12/23,Meat/Fish,1,2,2,40,40,100,40
2/12/23,Service Fees,5,0,0,1.6,0.32,0,0
2/13/23,Cleaning&body,1,2,2,16,16,100,16
2/13/23,Condiments,1,1,1,1.5,1.5,100,1.5
2/13/23,Drinks,5,5,1,110,22,100,110
2/13/23,General Food,14,76,5.4,1101.46,78.67,100,1101.46
2/13/23,Meat/Fish,3,5,1.7,70,23.33,100,70
2/13/23,Pinless Recharge,1,1,1,20,20,0,0
2/13/23,Service Fees,16,0,0,4,0.25,0,0
2/13/23,Snacks,3,6,2,9.75,3.25,100,9.75
2/14/23,Drinks,3,4,1.3,74,24.66,100,74
2/14/23,General Food,12,120,10,1915.55,159.62,100,1915.55
2/14/23,Household,1,1,1,23.99,23.99,100,23.99
2/14/23,Meat/Fish,2,6,3,100,50,100,100
2/14/23,Service Fees,13,0,0,0,0,0,0
2/14/23,Snacks,1,1,1,2,2,100,2
2/15/23,Drinks,2,3,1.5,77,38.5,100,77
2/15/23,General Food,10,54,5.4,540.82,54.08,100,540.82
2/15/23,Meat/Fish,3,3,1,40,13.33,100,40
2/15/23,Service Fees,13,0,0,0.84,0.06,0,0
2/15/23,Snacks,1,1,1,2,2,100,2
2/16/23,Cleaning&body,1,2,2,23,23,100,23
2/16/23,Drinks,1,1,1,40,40,100,40
2/16/23,General Food,11,53,4.8,585.52,53.22,100,585.52
2/16/23,Meat/Fish,3,4,1.3,70,23.33,100,70
2/16/23,Service Fees,13,0,0,3.04,0.23,0,0
2/16/23,Snacks,1,1,1,0.5,0.5,100,0.5
2/17/23,Drinks,4,9,2.3,235,58.75,100,235
2/17/23,General Food,7,38,5.4,713.87,101.98,100,713.87
2/17/23,Meat/Fish,2,5,2.5,90,45,100,90
2/17/23,Service Fees,7,0,0,0.8,0.11,0,0
2/17/23,Snacks,1,6,6,6,6,100,6
2/18/23,Cleaning&body,1,1,1,15,15,100,15
2/18/23,Drinks,1,1,1,1,1,100,1
2/18/23,General Food,9,82,9.1,461.18,51.24,100,461.18
2/18/23,Meat/Fish,4,4,1,70,17.5,100,70
2/18/23,Service Fees,9,0,0,2.99,0.33,0,0
2/18/23,Snacks,1,5,5,3,3,100,3
2/19/23,General Food,3,4,1.3,82.98,27.66,100,82.98
2/19/23,Service Fees,3,0,0,0.92,0.3,0,0
2/20/23,General Food,8,17,2.1,279.45,34.93,100,279.45
2/20/23,Meat/Fish,2,2,1,40,20,100,40
2/20/23,Service Fees,8,0,0,2.38,0.29,0,0
2/21/23,Cleaning&body,1,5,5,25,25,100,25
2/21/23,Drinks,2,4,2,4,2,100,4
2/21/23,General Food,10,40,4,423.45,42.34,100,423.45
2/21/23,Meat/Fish,3,4,1.3,80,26.66,100,80
2/21/23,Pinless Recharge,1,1,1,10,10,0,0
2/21/23,Service Fees,11,0,0,4.65,0.42,0,0
2/21/23,Snacks,1,1,1,2,2,100,2
2/22/23,General Food,2,17,8.5,109.95,54.97,100,109.95
2/22/23,Household,2,2,1,47.98,23.99,100,47.98
2/22/23,Service Fees,2,0,0,0,0,0,0
2/23/23,General Food,1,1,1,50,50,100,50
2/23/23,Meat/Fish,1,6,6,60,60,100,60
2/23/23,Service Fees,2,0,0,0,0,0,0
2/24/23,Cleaning&body,1,1,1,3,3,100,3
2/24/23,Drinks,1,1,1,9,9,100,9
2/24/23,General Food,4,20,5,137.94,34.48,100,137.94
2/24/23,Meat/Fish,1,2,2,30,30,100,30
2/24/23,Service Fees,5,0,0,4.08,0.81,0,0
2/25/23,Condiments,1,5,5,7.5,7.5,100,7.5
2/25/23,General Food,6,25,4.2,194.92,32.48,100,194.92
2/25/23,Meat/Fish,1,1,1,20,20,100,20
2/25/23,Service Fees,6,0,0,4.24,0.7,0,0
2/26/23,Cleaning&body,1,4,4,24,24,100,24
2/26/23,General Food,3,5,1.7,52.96,17.65,100,52.96
2/26/23,Meat/Fish,1,15,15,200,200,100,200
2/26/23,Misc.,1,1,1,15,15,100,15
2/26/23,Service Fees,6,0,0,1.28,0.21,0,0
2/27/23,General Food,3,21,7,153.8,51.26,100,153.8
2/27/23,Pinless Recharge,1,1,1,5,5,0,0
2/27/23,Service Fees,4,0,0,6.11,1.52,0,0
2/28/23,Cleaning&body,1,1,1,20,20,100,20
2/28/23,Drinks,2,3,1.5,120,60,100,120
2/28/23,General Food,4,21,5.3,405.19,101.29,100,405.19
2/28/23,Pasta/Rice,1,2,2,20,20,100,20
2/28/23,Service Fees,6,0,0,5.48,0.91,0,0
3/1/23,Drinks,2,3,1.5,77,38.5,100,77
3/1/23,General Food,13,69,5.3,1024.43,78.8,100,1024.43
3/1/23,Meat/Fish,1,1,1,10,10,100,10
3/1/23,Service Fees,13,0,0,4.86,0.37,0,0
3/1/23,Snacks,1,1,1,0.5,0.5,100,0.5
3/2/23,Drinks,1,1,1,1,1,100,1
3/2/23,General Food,12,79,6.6,745.63,62.13,100,745.63
3/2/23,Meat/Fish,1,2,2,40,40,100,40
3/2/23,Service Fees,12,0,0,9.82,0.81,0,0
3/3/23,Condiments,1,1,1,1.5,1.5,100,1.5
3/3/23,General Food,9,37,4.1,393.29,43.69,100,393.29
3/3/23,Meat/Fish,2,4,2,50,25,100,50
3/3/23,Service Fees,9,0,0,4.08,0.45,0,0
3/3/23,Snacks,1,3,3,4.99,4.99,100,4.99
3/4/23,Drinks,1,1,1,1.5,1.5,100,1.5
3/4/23,General Food,10,50,5,723.99,72.39,100,723.99
3/4/23,Household,1,1,1,20,20,100,20
3/4/23,Meat/Fish,1,2,2,30,30,100,30
3/4/23,Service Fees,11,0,0,0.36,0.03,0,0
3/4/23,Snacks,2,4,2,3.1,1.55,100,3.1
3/5/23,Drinks,1,2,2,37,37,100,37
3/5/23,General Food,4,27,6.8,363.6,90.9,100,363.6
3/5/23,Meat/Fish,3,3,1,50,16.66,100,50
3/5/23,Service Fees,4,0,0,0,0,0,0
3/6/23,Cleaning&body,1,1,1,16,16,100,16
3/6/23,Drinks,8,17,2.1,231,28.87,100,231
3/6/23,General Food,25,161,6.4,2327.23,93.08,100,2327.23
3/6/23,Household,1,1,1,2,2,100,2
3/6/23,Meat/Fish,3,8,2.7,130,43.33,100,130
3/6/23,Service Fees,25,0,0,1.2,0.04,0,0
3/7/23,Cleaning&body,2,3,1.5,25,12.5,100,25
3/7/23,Drinks,1,1,1,1.75,1.75,100,1.75
3/7/23,General Food,8,68,8.5,1004.88,125.61,100,1004.88
3/7/23,Meat/Fish,3,7,2.3,130,43.33,100,130
3/7/23,Service Fees,8,0,0,9.83,1.22,0,0
3/7/23,Snacks,1,1,1,0.25,0.25,100,0.25
3/8/23,Condiments,1,8,8,12,12,100,12
3/8/23,General Food,8,72,9,559.13,69.89,100,559.13
3/8/23,Meat/Fish,2,2,1,40,20,100,40
3/8/23,Service Fees,8,0,0,0,0,0,0
3/9/23,Condiments,2,16,8,24,12,100,24
3/9/23,Drinks,4,6,1.5,80,20,100,80
3/9/23,General Food,11,83,7.5,1237.3,112.48,100,1237.3
3/9/23,Meat/Fish,6,8,1.3,90,15,100,90
3/9/23,Service Fees,12,0,0,0.4,0.03,0,0
3/9/23,Snacks,1,2,2,1.25,1.25,100,1.25
3/10/23,Drinks,3,3,1,78.5,26.16,100,78.5
3/10/23,General Food,8,26,3.3,454.24,56.78,100,454.24
3/10/23,Meat/Fish,1,1,1,10,10,100,10
3/10/23,Pinless Recharge,1,1,1,5,5,0,0
3/10/23,Service Fees,11,0,0,1.28,0.11,0,0
3/10/23,Snacks,1,1,1,0.5,0.5,100,0.5
3/11/23,Cleaning&body,1,1,1,10,10,100,10
3/11/23,Drinks,1,2,2,4,4,100,4
3/11/23,General Food,12,35,2.9,322.29,26.85,100,322.29
3/11/23,Service Fees,12,0,0,8.16,0.68,0,0
3/12/23,Drinks,4,9,2.3,49.5,12.37,100,49.5
3/12/23,General Food,8,30,3.8,385.2,48.15,100,385.2
3/12/23,Meat/Fish,1,2,2,30,30,100,30
3/12/23,Service Fees,9,0,0,2.64,0.29,0,0
3/13/23,Condiments,1,2,2,3,3,100,3
3/13/23,Drinks,1,1,1,36,36,100,36
3/13/23,General Food,5,16,3.2,205.88,41.17,100,205.88
3/13/23,Service Fees,5,0,0,2,0.4,0,0
3/14/23,Drinks,2,2,1,80,40,100,80
3/14/23,General Food,7,31,4.4,297.88,42.55,100,297.88
3/14/23,Meat/Fish,1,1,1,20,20,100,20
3/14/23,Service Fees,9,0,0,0.88,0.09,0,0
3/15/23,Drinks,4,6,1.5,181.5,45.37,100,181.5
3/15/23,General Food,7,27,3.9,744.81,106.4,100,744.81
3/15/23,Meat/Fish,3,3,1,30,10,100,30
3/15/23,Pinless Recharge,1,1,1,5,5,0,0
3/15/23,Service Fees,10,0,0,0,0,0,0
3/16/23,Drinks,2,3,1.5,116,58,100,116
3/16/23,Frozen,1,1,1,1.5,1.5,100,1.5
3/16/23,General Food,13,52,4,621.52,47.8,100,621.52
3/16/23,Meat/Fish,1,1,1,20,20,100,20
3/16/23,Pinless Recharge,1,1,1,20,20,0,0
3/16/23,Service Fees,16,0,0,4.53,0.28,0,0
3/16/23,Snacks,1,1,1,1.3,1.3,100,1.3
3/17/23,Condiments,1,5,5,7.5,7.5,100,7.5
3/17/23,Drinks,1,1,1,36,36,100,36
3/17/23,General Food,10,42,4.2,307.4,30.74,100,307.4
3/17/23,Meat/Fish,2,2,1,20,10,100,20
3/17/23,Service Fees,11,0,0,4.78,0.43,0,0
3/18/23,Drinks,2,6,3,48.25,24.12,100,48.25
3/18/23,General Food,7,68,9.7,467.29,66.75,100,467.29
3/18/23,Meat/Fish,1,1,1,10,10,100,10
3/18/23,Service Fees,9,0,0,0.69,0.07,0,0
3/18/23,Snacks,2,5,2.5,5,2.5,100,5
3/19/23,General Food,1,10,10,40.46,40.46,100,40.46
3/19/23,Pinless Recharge,1,1,1,10,10,0,0
3/19/23,Service Fees,2,0,0,0,0,0,0
3/20/23,Drinks,1,9,9,9,9,100,9
3/20/23,General Food,10,90,9,1746.11,174.61,100,1746.11
3/20/23,Meat/Fish,4,8,2,120,30,100,120
3/20/23,Pinless Recharge,2,2,1,15,7.5,0,0
3/20/23,Service Fees,13,0,0,2.01,0.15,0,0
3/21/23,General Food,4,17,4.3,282.99,70.74,100,282.99
3/21/23,Meat/Fish,1,1,1,20,20,100,20
3/21/23,Service Fees,4,0,0,1.36,0.34,0,0
3/22/23,Drinks,1,1,1,1.5,1.5,100,1.5
3/22/23,General Food,5,20,4,166.04,33.2,100,166.04
3/22/23,Meat/Fish,1,1,1,20,20,100,20
3/22/23,Misc.,2,2,1,8,4,0,0
3/22/23,Service Fees,7,0,0,4.94,0.7,0,0
3/23/23,Drinks,4,10,2.5,196,49,100,196
3/23/23,General Food,15,94,6.3,2064.01,137.6,100,2064.01
3/23/23,Meat/Fish,2,2,1,30,15,100,30
3/23/23,Service Fees,15,0,0,1.6,0.1,0,0
3/23/23,Snacks,1,1,1,0.5,0.5,100,0.5
3/24/23,Drinks,1,1,1,2,2,100,2
3/24/23,General Food,10,123,12.3,740.55,74.05,100,740.55
3/24/23,Service Fees,10,0,0,6.84,0.68,0,0
3/24/23,Snacks,1,1,1,3.25,3.25,100,3.25
3/25/23,Cleaning&body,2,2,1,10,5,100,10
3/25/23,General Food,11,60,5.5,479.75,43.61,100,479.75
3/25/23,Meat/Fish,4,5,1.3,100,25,100,100
3/25/23,Service Fees,11,0,0,3.78,0.34,0,0
3/26/23,Service Fees,2,0,0,0.16,0.08,0,0
3/26/23,Snacks,2,3,1.5,4,2,100,4
3/27/23,Drinks,4,6,1.5,77,19.25,100,77
3/27/23,General Food,13,97,7.5,1806.06,138.92,100,1806.06
3/27/23,Meat/Fish,5,6,1.2,110,22,100,110
3/27/23,Service Fees,14,0,0,10.62,0.75,0,0
3/27/23,Snacks,2,7,3.5,3.25,1.62,100,3.25
3/28/23,Drinks,3,7,2.3,234,78,100,234
3/28/23,Frozen,2,2,1,4,2,100,4
3/28/23,General Food,9,117,13,15029.98,1669.99,100,15029.98
3/28/23,Meat/Fish,2,2,1,30,15,100,30
3/28/23,Service Fees,12,0,0,1.26,0.1,0,0
3/28/23,Snacks,1,1,1,1,1,100,1
3/29/23,Cleaning&body,1,1,1,12,12,100,12
3/29/23,Drinks,2,2,1,72,36,100,72
3/29/23,General Food,5,22,4.4,810.76,162.15,100,810.76
3/29/23,Service Fees,5,0,0,0,0,0,0
3/29/23,Snacks,1,1,1,0.25,0.25,100,0.25
3/30/23,Drinks,3,7,2.3,268,89.33,100,268
3/30/23,General Food,7,91,13,12748.64,1821.23,100,12748.64
3/30/23,Meat/Fish,1,2,2,40,40,100,40
3/30/23,Pinless Recharge,1,1,1,5,5,0,0
3/30/23,Service Fees,9,0,0,0,0,0,0
3/31/23,General Food,5,22,4.4,661.91,132.38,100,661.91
3/31/23,Meat/Fish,2,3,1.5,60,30,100,60
3/31/23,Pinless Recharge,1,1,1,5,5,0,0
3/31/23,Service Fees,6,0,0,4.16,0.69,0,0
4/1/23,Cleaning&body,2,2,1,7,3.5,100,7
4/1/23,Drinks,1,2,2,2,2,100,2
4/1/23,General Food,14,79,5.6,684.25,48.87,100,684.25
4/1/23,Meat/Fish,4,6,1.5,120,30,100,120
4/1/23,Service Fees,18,0,0,10.6,0.58,0,0
4/2/23,Cleaning&body,1,1,1,5,5,100,5
4/2/23,General Food,5,21,4.2,86.91,17.38,100,86.91
4/2/23,Meat/Fish,1,1,1,20,20,100,20
4/2/23,Service Fees,5,0,0,0.68,0.13,0,0
4/3/23,Drinks,2,3,1.5,108,54,100,108
4/3/23,General Food,7,40,5.7,727.01,103.85,100,727.01
4/3/23,Meat/Fish,2,3,1.5,40,20,100,40
4/3/23,Service Fees,7,0,0,0,0,0,0
4/3/23,Snacks,1,1,1,0.5,0.5,100,0.5
4/4/23,Cleaning&body,1,1,1,12,12,100,12
4/4/23,Drinks,5,5,1,161,32.2,100,161
4/4/23,General Food,11,83,7.5,1126.06,102.36,100,1126.06
4/4/23,Meat/Fish,6,30,5,480,80,100,480
4/4/23,Service Fees,17,0,0,0.16,0,0,0
4/4/23,Snacks,1,3,3,2.25,2.25,100,2.25
4/5/23,Condiments,1,6,6,9,9,100,9
4/5/23,Drinks,4,7,1.8,7,1.75,100,7
4/5/23,General Food,12,74,6.2,455.58,37.96,100,455.58
4/5/23,Meat/Fish,7,40,5.7,660,94.28,100,660
4/5/23,Service Fees,13,0,0,2.96,0.22,0,0
4/6/23,Cleaning&body,1,1,1,5.99,5.99,100,5.99
4/6/23,Drinks,3,4,1.3,152,50.66,100,152
4/6/23,General Food,8,32,4,660.89,82.61,100,660.89
4/6/23,Meat/Fish,3,12,4,242,80.66,100,242
4/6/23,Service Fees,9,0,0,11.48,1.27,0,0
4/6/23,Snacks,1,1,1,0.99,0.99,100,0.99
4/7/23,Drinks,2,4,2,39,19.5,100,39
4/7/23,General Food,16,88,5.5,1159.94,72.49,100,1159.94
4/7/23,Meat/Fish,4,4,1,60,15,100,60
4/7/23,Pinless Recharge,1,1,1,10,10,0,0
4/7/23,Service Fees,19,0,0,2.76,0.14,0,0
4/8/23,Cleaning&body,2,3,1.5,18,9,100,18
4/8/23,Drinks,1,1,1,40,40,100,40
4/8/23,General Food,15,50,3.3,882.4,58.82,100,882.4
4/8/23,Household,1,10,10,70,70,100,70
4/8/23,Meat/Fish,4,5,1.3,100,25,100,100
4/8/23,Service Fees,19,0,0,11.2,0.58,0,0
4/8/23,Snacks,1,4,4,1,1,100,1
4/9/23,Cleaning&body,1,2,2,16,16,100,16
4/9/23,Drinks,2,5,2.5,13,6.5,100,13
4/9/23,Frozen,1,4,4,8,8,100,8
4/9/23,General Food,9,48,5.3,712.4,79.15,100,712.4
4/9/23,Meat/Fish,3,3,1,60,20,100,60
4/9/23,Service Fees,10,0,0,0.16,0.01,0,0
4/10/23,Clothes,1,1,1,10,10,100,10
4/10/23,Drinks,2,5,2.5,44,22,100,44
4/10/23,General Food,15,119,7.9,1241.53,82.76,100,1241.53
4/10/23,Meat/Fish,1,1,1,20,20,100,20
4/10/23,Service Fees,18,0,0,4.53,0.25,0,0
4/10/23,Snacks,2,3,1.5,1.5,0.75,100,1.5
4/11/23,Drinks,3,5,1.7,122,40.66,100,122
4/11/23,General Food,9,82,9.1,1482.84,164.76,100,1482.84
4/11/23,Service Fees,9,0,0,0.7,0.07,0,0
4/11/23,Snacks,2,2,1,1.5,0.75,100,1.5
4/12/23,Drinks,2,4,2,4,2,100,4
4/12/23,General Food,8,65,8.1,470.82,58.85,100,470.82
4/12/23,Meat/Fish,2,3,1.5,50,25,100,50
4/12/23,Service Fees,9,0,0,2.6,0.28,0,0
4/13/23,Drinks,3,6,2,8,2.66,100,8
4/13/23,General Food,7,22,3.1,242.9,34.7,100,242.9
4/13/23,Pinless Recharge,1,1,1,5,5,0,0
4/13/23,Service Fees,9,0,0,0.52,0.05,0,0
4/14/23,Drinks,3,6,2,42.5,14.16,100,42.5
4/14/23,General Food,10,44,4.4,873.39,87.33,100,873.39
4/14/23,Meat/Fish,1,1,1,20,20,100,20
4/14/23,Pinless Recharge,1,1,1,6,6,0,0
4/14/23,Service Fees,11,0,0,1.76,0.16,0,0
4/15/23,Drinks,1,5,5,118,118,100,118
4/15/23,General Food,8,69,8.6,871.95,108.99,100,871.95
4/15/23,Meat/Fish,1,1,1,20,20,100,20
4/15/23,Pinless Recharge,1,1,1,5,5,0,0
4/15/23,Service Fees,10,0,0,7.4,0.74,0,0
4/16/23,Drinks,1,2,2,80,80,100,80
4/16/23,General Food,3,12,4,265.91,88.63,100,265.91
4/16/23,Service Fees,3,0,0,0,0,0,0
4/17/23,Drinks,1,1,1,40,40,100,40
4/17/23,General Food,4,13,3.3,48.97,12.24,100,48.97
4/17/23,Pinless Recharge,1,1,1,20,20,0,0
4/17/23,Service Fees,5,0,0,0,0,0,0
4/18/23,General Food,4,19,4.8,273.74,68.43,100,273.74
4/18/23,Household,1,1,1,23.99,23.99,100,23.99
4/18/23,Meat/Fish,2,4,2,70,35,100,70
4/18/23,Pinless Recharge,1,1,1,3,3,0,0
4/18/23,Service Fees,5,0,0,1.08,0.21,0,0
4/19/23,Drinks,1,1,1,2.5,2.5,100,2.5
4/19/23,General Food,6,32,5.3,205.37,34.22,100,205.37
4/19/23,Meat/Fish,1,3,3,40,40,100,40
4/19/23,Service Fees,6,0,0,0.38,0.06,0,0
4/20/23,Drinks,1,4,4,160,160,100,160
4/20/23,Frozen,1,1,1,2,2,100,2
4/20/23,General Food,4,33,8.3,433.07,108.26,100,433.07
4/20/23,Meat/Fish,1,1,1,10,10,100,10
4/20/23,Service Fees,4,0,0,0.16,0.04,0,0
4/20/23,Snacks,1,5,5,10,10,100,10
4/21/23,Drinks,2,3,1.5,3,1.5,100,3
4/21/23,General Food,8,50,6.3,502.41,62.8,100,502.41
4/21/23,Meat/Fish,2,5,2.5,70,35,100,70
4/21/23,Pinless Recharge,1,1,1,5,5,0,0
4/21/23,Service Fees,9,0,0,2.36,0.26,0,0
4/21/23,Snacks,1,1,1,2,2,100,2
4/22/23,General Food,1,4,4,29.98,29.98,100,29.98
4/22/23,Service Fees,1,0,0,1.2,1.2,0,0
4/24/23,Drinks,1,1,1,40,40,100,40
4/24/23,General Food,4,45,11.3,1005.32,251.33,100,1005.32
4/24/23,Meat/Fish,2,2,1,20,10,100,20
4/24/23,Snacks,1,8,8,16,16,100,16
4/25/23,General Food,5,20,4,110.84,22.16,100,110.84
4/25/23,Meat/Fish,1,1,1,20,20,100,20
4/27/23,Drinks,3,7,2.3,49,16.33,100,49
4/27/23,General Food,5,26,5.2,365.87,73.17,100,365.87
4/27/23,Meat/Fish,2,2,1,30,15,100,30
4/27/23,Pinless Recharge,2,2,1,10,5,0,0
4/28/23,General Food,6,30,5,191.86,31.97,100,191.86
4/28/23,Meat/Fish,1,1,1,20,20,100,20
4/28/23,Pinless Recharge,1,1,1,5,5,0,0
4/29/23,Drinks,2,3,1.5,116,58,100,116
4/29/23,General Food,8,40,5,364.89,45.61,100,364.89
4/29/23,Meat/Fish,2,2,1,40,20,100,40
4/30/23,Drinks,1,4,4,4,4,100,4
4/30/23,General Food,2,6,3,145.99,72.99,100,145.99
4/30/23,Meat/Fish,1,1,1,10,10,100,10
5/1/23,Drinks,2,4,2,74,37,100,74
5/1/23,General Food,14,59,4.2,937.65,66.97,100,937.65
5/1/23,Meat/Fish,1,1,1,10,10,100,10
5/1/23,Pinless Recharge,1,1,1,10,10,0,0
5/1/23,Snacks,1,6,6,12,12,100,12
5/2/23,Clothes,1,1,1,10,10,100,10
5/2/23,Drinks,6,10,1.7,197,32.83,100,197
5/2/23,General Food,11,74,6.7,1397.95,127.08,100,1397.95
5/2/23,Meat/Fish,6,12,2,190,31.66,100,190
5/3/23,Drinks,1,1,1,40,40,100,40
5/3/23,General Food,8,35,4.4,1174.41,146.8,100,1174.41
5/3/23,Meat/Fish,2,3,1.5,60,30,100,60
5/3/23,Pinless Recharge,1,1,1,5,5,0,0
5/4/23,Drinks,3,5,1.7,117.98,39.32,100,117.98
5/4/23,General Food,7,53,7.6,1345.71,192.24,100,1345.71
5/4/23,Meat/Fish,1,1,1,20,20,100,20
5/4/23,Pinless Recharge,1,1,1,5,5,0,0
5/5/23,Clothes,1,1,1,60,60,100,60
5/5/23,Drinks,6,13,2.2,293.99,48.99,100,293.99
5/5/23,General Food,11,57,5.2,878.98,79.9,100,878.98
5/5/23,Meat/Fish,1,1,1,20,20,100,20
5/5/23,Snacks,2,3,1.5,3,1.5,100,3
5/6/23,Drinks,5,9,1.8,164.98,32.99,100,164.98
5/6/23,General Food,14,117,8.4,1315.3,93.95,100,1315.3
5/6/23,Meat/Fish,5,8,1.6,130,26,100,130
5/6/23,Pinless Recharge,1,1,1,8,8,0,0
5/7/23,General Food,8,34,4.3,302.41,37.8,100,302.41
5/7/23,Household,1,1,1,23.99,23.99,100,23.99
5/7/23,Meat/Fish,2,3,1.5,50,25,100,50
5/8/23,Drinks,16,26,1.6,912.92,57.05,100,912.92
5/8/23,General Food,24,180,7.5,3220.54,134.18,100,3220.54
5/8/23,Meat/Fish,5,6,1.2,70,14,100,70
5/8/23,Snacks,3,6,2,2.5,0.83,100,2.5
5/9/23,Drinks,5,7,1.4,123.99,24.79,100,123.99
5/9/23,General Food,13,104,8,1614.84,124.21,100,1614.84
5/9/23,Meat/Fish,4,6,1.5,80,20,100,80
5/9/23,Pinless Recharge,1,1,1,10,10,0,0
5/10/23,Drinks,2,4,2,43,21.5,100,43
5/10/23,General Food,12,85,7.1,1522.86,126.9,100,1522.86
5/10/23,Household,1,1,1,23.99,23.99,100,23.99
5/10/23,Meat/Fish,3,3,1,50,16.66,100,50
5/10/23,Snacks,1,4,4,2,2,100,2
5/11/23,Drinks,2,3,1.5,120,60,100,120
5/11/23,General Food,7,31,4.4,499.87,71.41,100,499.87
5/11/23,Meat/Fish,2,2,1,40,20,100,40
5/12/23,Cleaning&body,2,4,2,32,16,100,32
5/12/23,Drinks,2,3,1.5,119.97,59.98,100,119.97
5/12/23,General Food,10,109,10.9,1234.09,123.4,100,1234.09
5/12/23,Household,1,2,2,47.98,47.98,100,47.98
5/12/23,Meat/Fish,2,3,1.5,40,20,100,40
5/12/23,Pinless Recharge,1,1,1,3,3,0,0
5/13/23,General Food,8,28,3.5,170.14,21.26,100,170.14
5/13/23,Meat/Fish,3,9,3,160,53.33,100,160
5/13/23,Snacks,2,10,5,11,5.5,100,11
5/14/23,Drinks,2,3,1.5,42,21,100,42
5/14/23,General Food,6,20,3.3,270.84,45.14,100,270.84
5/14/23,Snacks,1,2,2,0.5,0.5,100,0.5
5/15/23,Drinks,4,4,1,159.96,39.99,100,159.96
5/15/23,General Food,15,66,4.4,1490.01,99.33,100,1490.01
5/15/23,Meat/Fish,2,3,1.5,50,25,100,50
5/15/23,Snacks,1,1,1,0.25,0.25,100,0.25
5/16/23,Drinks,2,2,1,79.99,39.99,100,79.99
5/16/23,General Food,5,39,7.8,235.46,47.09,100,235.46
5/16/23,Meat/Fish,1,2,2,20,20,100,20
5/16/23,Snacks,1,3,3,6,6,100,6
5/17/23,Cleaning&body,1,1,1,5,5,100,5
5/17/23,Drinks,3,4,1.3,159.98,53.32,100,159.98
5/17/23,General Food,4,13,3.3,350.91,87.72,100,350.91
5/17/23,Household,1,1,1,23.99,23.99,100,23.99
5/17/23,Meat/Fish,2,3,1.5,60,30,100,60
5/18/23,Drinks,2,3,1.5,119.98,59.99,100,119.98
5/18/23,General Food,7,62,8.9,985.17,140.73,100,985.17
5/18/23,Pinless Recharge,1,1,1,2,2,0,0
5/19/23,Drinks,2,12,6,90,45,100,90
5/19/23,General Food,7,48,6.9,959.88,137.12,100,959.88
5/19/23,Household,1,2,2,14,14,100,14
5/19/23,Meat/Fish,4,10,2.5,130,32.5,100,130
5/19/23,Pinless Recharge,1,1,1,6,6,0,0
5/20/23,Drinks,1,3,3,7.5,7.5,100,7.5
5/20/23,General Food,6,29,4.8,273.52,45.58,100,273.52
5/20/23,Meat/Fish,1,1,1,20,20,100,20
5/21/23,Drinks,3,7,2.3,162.98,54.32,100,162.98
5/21/23,General Food,4,20,5,455.91,113.97,100,455.91
5/21/23,Household,1,1,1,23.99,23.99,100,23.99
5/21/23,Meat/Fish,1,3,3,60,60,100,60
5/22/23,Drinks,3,6,2,161.99,53.99,100,161.99
5/22/23,General Food,7,24,3.4,366.4,52.34,100,366.4
5/22/23,Meat/Fish,4,7,1.8,110,27.5,100,110
5/22/23,Snacks,1,1,1,0.25,0.25,100,0.25
5/23/23,Drinks,1,2,2,2,2,100,2
5/23/23,General Food,1,2,2,7.98,7.98,100,7.98
5/23/23,Meat/Fish,1,1,1,20,20,100,20
5/23/23,Pinless Recharge,1,1,1,9,9,0,0
5/24/23,General Food,5,32,6.4,202.78,40.55,100,202.78
5/24/23,Meat/Fish,2,2,1,30,15,100,30
5/25/23,Drinks,2,4,2,84.99,42.49,100,84.99
5/25/23,General Food,5,17,3.4,135.93,27.18,100,135.93
5/25/23,Meat/Fish,2,4,2,60,30,100,60
5/26/23,Condiments,1,6,6,9,9,100,9
5/26/23,Drinks,3,6,2,200.97,66.99,100,200.97
5/26/23,General Food,7,112,16,1367.06,195.29,100,1367.06
5/26/23,Meat/Fish,2,5,2.5,90,45,100,90
5/27/23,General Food,4,22,5.5,432.89,108.22,100,432.89
5/27/23,Snacks,1,1,1,5,5,100,5
5/29/23,Cleaning&body,1,1,1,8,8,100,8
5/29/23,Drinks,1,1,1,40,40,100,40
5/29/23,General Food,9,42,4.7,403.73,44.85,100,403.73
5/29/23,Meat/Fish,1,2,2,20,20,100,20
5/30/23,Drinks,1,2,2,40.99,40.99,100,40.99
5/30/23,General Food,6,38,6.3,413.88,68.98,100,413.88
5/30/23,Meat/Fish,2,9,4.5,105,52.5,100,105
5/31/23,Drinks,2,2,1,41,20.5,100,41
5/31/23,General Food,7,36,5.1,709.27,101.32,100,709.27
5/31/23,Meat/Fish,5,8,1.6,120,24,100,120
6/1/23,Drinks,1,2,2,5,5,100,5
6/1/23,General Food,6,49,8.2,446.77,74.46,100,446.77
6/1/23,Meat/Fish,2,3,1.5,40,20,100,40
6/1/23,Pinless Recharge,2,2,1,15,7.5,0,0
6/2/23,General Food,8,53,6.6,667.34,83.41,100,667.34
6/2/23,Pinless Recharge,1,1,1,10,10,0,0
6/3/23,Cleaning&body,1,1,1,8,8,100,8
6/3/23,Drinks,6,10,1.7,285.95,47.65,100,285.95
6/3/23,General Food,17,55,3.2,815.84,47.99,100,815.84
6/3/23,Meat/Fish,1,1,1,20,20,100,20
6/4/23,General Food,5,28,5.6,787.83,157.56,100,787.83
6/5/23,Condiments,1,2,2,3,3,100,3
6/5/23,Drinks,4,8,2,241.97,60.49,100,241.97
6/5/23,General Food,10,49,4.9,1094.38,109.43,100,1094.38
6/5/23,Meat/Fish,4,6,1.5,120,30,100,120
6/6/23,Condiments,1,2,2,3,3,100,3
6/6/23,Drinks,1,1,1,2,2,100,2
6/6/23,General Food,10,72,7.2,492.9,49.29,100,492.9
6/6/23,Meat/Fish,1,10,10,160,160,100,160
6/6/23,Snacks,3,12,4,6.51,2.17,100,6.51
6/7/23,Drinks,3,4,1.3,81.99,27.33,100,81.99
6/7/23,General Food,15,71,4.7,820.57,54.7,100,820.57
6/7/23,Meat/Fish,1,1,1,20,20,100,20
6/7/23,Snacks,4,11,2.8,7.5,1.87,100,7.5
6/8/23,General Food,10,45,4.5,473.73,47.37,100,473.73
6/8/23,Household,1,10,10,8,8,100,8
6/8/23,Meat/Fish,2,4,2,50,25,100,50
6/9/23,Cleaning&body,1,1,1,10,10,100,10
6/9/23,Clothes,2,3,1.5,108.02,54.01,100,108.02
6/9/23,Drinks,1,1,1,40,40,100,40
6/9/23,General Food,15,111,7.4,1247.16,83.14,100,1247.16
6/9/23,Meat/Fish,3,10,3.3,130,43.33,100,130
6/9/23,Pinless Recharge,1,1,1,4.42,4.42,0,0
6/9/23,Snacks,1,3,3,15,15,100,15
6/10/23,Drinks,1,1,1,9,9,100,9
6/10/23,General Food,13,50,3.8,368.03,28.31,100,368.03
6/10/23,Meat/Fish,4,6,1.5,100,25,100,100
6/10/23,Pinless Recharge,1,1,1,5,5,0,0
6/10/23,Snacks,1,2,2,1,1,100,1
6/11/23,Drinks,1,2,2,79.99,79.99,100,79.99
6/11/23,General Food,8,33,4.1,417.76,52.22,100,417.76
6/11/23,Pinless Recharge,1,1,1,10,10,0,0
6/11/23,Snacks,2,7,3.5,10.99,5.49,100,10.99
6/12/23,Drinks,3,9,3,17,5.66,100,17
6/12/23,General Food,9,42,4.7,302.04,33.56,100,302.04
6/12/23,Snacks,1,1,1,1,1,100,1
6/13/23,Drinks,7,19,2.7,74,10.57,100,74
6/13/23,General Food,12,48,4,407.83,33.98,100,407.83
6/13/23,Household,1,10,10,63.7,63.7,100,63.7
6/13/23,Meat/Fish,1,1,1,20,20,100,20
6/13/23,Snacks,1,2,2,1,1,100,1
6/14/23,General Food,7,14,2,110.97,15.85,85.7,82.97
6/14/23,Meat/Fish,1,1,1,20,20,100,20
6/15/23,General Food,11,48,4.4,380.2,34.56,100,380.2
6/15/23,Meat/Fish,3,5,1.7,100,33.33,100,100
6/15/23,Pinless Recharge,1,1,1,10,10,0,0
6/16/23,Cleaning&body,1,2,2,16,16,100,16
6/16/23,General Food,3,10,3.3,57.98,19.32,100,57.98
6/16/23,Meat/Fish,1,1,1,20,20,100,20
6/16/23,Pinless Recharge,1,1,1,5,5,0,0
6/16/23,Snacks,1,10,10,5,5,100,5
6/17/23,General Food,11,40,3.6,541.64,49.24,100,541.64
6/17/23,Meat/Fish,2,2,1,40,20,100,40
6/17/23,Snacks,1,2,2,1,1,100,1
6/19/23,General Food,5,21,4.2,174.86,34.97,100,174.86
6/20/23,General Food,7,27,3.9,457.89,65.41,100,457.89
6/20/23,Meat/Fish,2,3,1.5,60,30,100,60
6/21/23,Clothes,1,1,1,125,125,0,0
6/21/23,Drinks,2,5,2.5,83,41.5,100,83
6/21/23,General Food,7,22,3.1,592.43,84.63,100,592.43
6/21/23,Household,1,1,1,7.99,7.99,100,7.99
6/21/23,Meat/Fish,2,2,1,20,10,100,20
6/22/23,Drinks,4,9,2.3,204,51,100,204
6/22/23,General Food,13,75,5.8,1699.81,130.75,100,1699.81
6/22/23,Meat/Fish,2,3,1.5,30,15,100,30
6/22/23,Snacks,2,6,3,5.5,2.75,100,5.5
6/23/23,Drinks,1,4,4,159.98,159.98,100,159.98
6/23/23,General Food,9,41,4.6,580.13,64.45,100,580.13
6/23/23,Meat/Fish,1,1,1,20,20,100,20
6/23/23,Snacks,1,4,4,2,2,100,2
6/24/23,Condiments,1,2,2,3,3,100,3
6/24/23,Drinks,1,3,3,119.99,119.99,100,119.99
6/24/23,General Food,9,28,3.1,634.99,70.55,100,634.99
6/24/23,Meat/Fish,4,21,5.3,310,77.5,100,310
6/26/23,Cleaning&body,1,4,4,20,20,100,20
6/26/23,Drinks,1,3,3,119.99,119.99,100,119.99
6/26/23,General Food,6,19,3.2,269.02,44.83,100,269.02
6/26/23,Meat/Fish,1,2,2,40,40,100,40
6/26/23,Pinless Recharge,1,1,1,11,11,0,0
6/27/23,Drinks,1,2,2,79.99,79.99,100,79.99
6/27/23,General Food,12,57,4.8,1058.68,88.22,100,1058.68
6/27/23,Meat/Fish,2,4,2,70,35,100,70
6/28/23,General Food,3,22,7.3,85.86,28.62,100,85.86
6/28/23,Meat/Fish,1,1,1,16,16,100,16
6/29/23,General Food,4,18,4.5,145.37,36.34,100,145.37
6/29/23,Meat/Fish,1,1,1,20,20,100,20
6/30/23,General Food,10,43,4.3,325.18,32.51,100,325.18
6/30/23,Meat/Fish,1,5,5,100,100,100,100
7/1/23,Cleaning&body,1,3,3,3,3,0,0
7/1/23,Drinks,1,1,1,40,40,100,40
7/1/23,General Food,12,59,4.9,952.52,79.37,98.3,932.52
7/1/23,Meat/Fish,2,3,1.5,50,25,100,50
7/2/23,General Food,3,8,2.7,77.96,25.98,100,77.96
7/2/23,Meat/Fish,2,2,1,30,15,100,30
7/2/23,Snacks,1,1,1,0.04,0.04,0,0
7/3/23,Drinks,1,1,1,40,40,100,40
7/3/23,General Food,8,26,3.3,524.39,65.54,100,524.39
7/3/23,Meat/Fish,1,3,3,60,60,100,60
7/4/23,Condiments,1,1,1,1.5,1.5,100,1.5
7/4/23,Drinks,3,3,1,119.99,39.99,100,119.99
7/4/23,General Food,18,103,5.7,1906.84,105.93,100,1906.84
7/4/23,Household,1,1,1,15.99,15.99,100,15.99
7/4/23,Meat/Fish,4,7,1.8,130,32.5,100,130
7/4/23,Pinless Recharge,2,2,1,15,7.5,0,0
7/4/23,Snacks,3,11,3.7,6,2,100,6
7/5/23,Drinks,1,1,1,39.99,39.99,100,39.99
7/5/23,General Food,3,19,6.3,185.94,61.98,100,185.94
7/5/23,Meat/Fish,1,1,1,20,20,100,20
7/6/23,Clothes,2,3,1.5,30,15,100,30
7/6/23,Drinks,2,3,1.5,41.99,20.99,100,41.99
7/6/23,Frozen,1,2,2,16,16,0,0
7/6/23,General Food,12,61,5.1,1400.92,116.74,100,1400.92
7/6/23,Meat/Fish,4,4,1,70,17.5,100,70
7/6/23,Snacks,3,11,3.7,11.51,3.83,90.9,11.5
7/7/23,Cleaning&body,1,1,1,5,5,100,5
7/7/23,Drinks,2,2,1,79.98,39.99,100,79.98
7/7/23,General Food,10,46,4.6,751.13,75.11,100,751.13
7/8/23,Drinks,2,2,1,79.99,39.99,100,79.99
7/8/23,General Food,12,58,4.8,611.58,50.96,100,611.58
7/8/23,Meat/Fish,4,6,1.5,100,25,100,100
7/8/23,Snacks,2,8,4,2.25,1.12,100,2.25
7/9/23,Drinks,1,1,1,9,9,100,9
7/9/23,General Food,4,21,5.3,369.39,92.34,100,369.39
7/9/23,Meat/Fish,1,1,1,20,20,100,20
7/10/23,Condiments,1,1,1,1.5,1.5,100,1.5
7/10/23,Drinks,2,2,1,40.99,20.49,100,40.99
7/10/23,General Food,16,73,4.6,1191.05,74.44,100,1191.05
7/10/23,Meat/Fish,3,3,1,50,16.66,100,50
7/11/23,Cleaning&body,1,5,5,50,50,100,50
7/11/23,Drinks,3,4,1.3,120.98,40.32,100,120.98
7/11/23,General Food,13,66,5.1,1476.57,113.58,100,1476.57
7/11/23,Household,1,1,1,4,4,100,4
7/11/23,Meat/Fish,3,8,2.7,105,35,100,105
7/11/23,Pinless Recharge,1,1,1,16,16,0,0
7/11/23,Snacks,2,2,1,1.25,0.62,100,1.25
7/12/23,General Food,9,68,7.6,633.63,70.4,100,633.63
7/12/23,Household,1,1,1,15.99,15.99,100,15.99
7/12/23,Meat/Fish,1,2,2,20,20,100,20
7/13/23,Cleaning&body,1,1,1,2,2,100,2
7/13/23,Condiments,2,4,2,6,3,100,6
7/13/23,Drinks,1,1,1,40,40,100,40
7/13/23,General Food,8,40,5,311.3,38.91,100,311.3
7/13/23,Meat/Fish,1,3,3,60,60,100,60
7/13/23,Service Fees,1,1,1,55,55,100,55
7/14/23,Drinks,2,2,1,79.98,39.99,100,79.98
7/14/23,General Food,13,70,5.4,792.29,60.94,100,792.29
7/14/23,Household,1,1,1,7.99,7.99,100,7.99
7/14/23,Meat/Fish,3,4,1.3,80,26.66,100,80
7/14/23,Snacks,1,1,1,5,5,100,5
7/15/23,Drinks,1,3,3,41.99,41.99,100,41.99
7/15/23,General Food,14,88,6.3,1302.35,93.02,100,1302.35
7/15/23,Meat/Fish,2,2,1,40,20,100,40
7/15/23,Snacks,1,1,1,3.5,3.5,0,0
7/16/23,General Food,1,2,2,55.98,55.98,100,55.98
7/16/23,Meat/Fish,1,2,2,40,40,100,40
7/17/23,Condiments,1,2,2,3,3,100,3
7/17/23,Drinks,1,1,1,1,1,100,1
7/17/23,General Food,19,52,2.7,1118.68,58.87,100,1118.68
7/17/23,Meat/Fish,4,17,4.3,190,47.5,100,190
7/18/23,Cleaning&body,1,1,1,5.5,5.5,100,5.5
7/18/23,General Food,8,22,2.8,339.93,42.49,100,339.93
7/18/23,Meat/Fish,2,3,1.5,40,20,100,40
7/19/23,General Food,10,53,5.3,284.37,28.43,100,284.37
7/19/23,Household,1,1,1,7.99,7.99,100,7.99
7/19/23,Meat/Fish,2,4,2,70,35,100,70
7/19/23,Misc.,1,1,1,15,15,100,15
7/20/23,General Food,6,44,7.3,448.96,74.82,100,448.96
7/20/23,Household,1,1,1,7.99,7.99,100,7.99
7/20/23,Meat/Fish,2,4,2,80,40,100,80
7/21/23,Cleaning&body,1,1,1,3,3,100,3
7/21/23,General Food,8,22,2.8,287.88,35.98,100,287.88
7/21/23,Meat/Fish,2,2,1,25,12.5,100,25
7/21/23,Snacks,1,1,1,5,5,100,5
7/22/23,Cleaning&body,1,1,1,20,20,100,20
7/22/23,Condiments,1,10,10,15,15,100,15
7/22/23,General Food,18,49,2.7,679.6,37.75,100,679.6
7/22/23,Household,1,1,1,15.99,15.99,100,15.99
7/22/23,Meat/Fish,1,1,1,20,20,100,20
7/22/23,Snacks,1,6,6,12,12,100,12
7/23/23,General Food,2,10,5,247.95,123.97,100,247.95
7/23/23,Meat/Fish,3,5,1.7,80,26.66,100,80
7/23/23,Snacks,1,1,1,0.25,0.25,100,0.25
7/24/23,General Food,6,22,3.7,115.27,19.21,100,115.27
7/24/23,Meat/Fish,2,2,1,40,20,100,40
7/25/23,Cleaning&body,1,1,1,8,8,100,8
7/25/23,General Food,2,6,3,51.98,25.99,100,51.98
7/26/23,Condiments,1,2,2,3,3,100,3
7/26/23,Drinks,1,1,1,40,40,100,40
7/26/23,General Food,5,11,2.2,94.96,18.99,100,94.96
7/26/23,Pinless Recharge,1,1,1,5,5,0,0
7/27/23,Condiments,2,6,3,27.5,13.75,83.3,7.5
7/27/23,General Food,5,27,5.4,261.29,52.25,100,261.29
7/27/23,Meat/Fish,3,4,1.3,96.46,32.15,75,40
7/27/23,Pinless Recharge,1,1,1,10,10,0,0
7/28/23,Cleaning&body,1,1,1,8,8,100,8
7/28/23,General Food,9,28,3.1,175.83,19.53,100,175.83
7/28/23,Meat/Fish,1,1,1,20,20,0,0
7/29/23,Cleaning&body,2,2,1,18,9,100,18
7/29/23,General Food,10,47,4.7,410.36,41.03,100,410.36
7/29/23,Pinless Recharge,1,1,1,5,5,0,0
7/31/23,General Food,10,43,4.3,1242.89,124.28,100,1242.89
7/31/23,Meat/Fish,6,7,1.2,110,18.33,100,110
7/31/23,Pinless Recharge,1,1,1,5,5,0,0
7/31/23,Snacks,1,2,2,1,1,100,1
8/1/23,Clothes,1,2,2,80,80,100,80
8/1/23,General Food,3,7,2.3,84.47,28.15,100,84.47
8/1/23,Meat/Fish,3,11,3.7,200,66.66,100,200
8/2/23,Cleaning&body,1,1,1,8,8,100,8
8/2/23,General Food,3,27,9,199.88,66.62,100,199.88
8/2/23,Pinless Recharge,1,1,1,10,10,0,0
8/3/23,Drinks,4,8,2,202.98,50.74,100,202.98
8/3/23,General Food,15,56,3.7,1847.88,123.19,100,1847.88
8/3/23,Meat/Fish,1,2,2,40,40,100,40
8/4/23,Cleaning&body,2,2,1,18,9,100,18
8/4/23,Drinks,8,15,1.9,326.99,40.87,100,326.99
8/4/23,General Food,17,89,5.2,1366.36,80.37,100,1366.36
8/4/23,Meat/Fish,6,13,2.2,200,33.33,100,200
8/4/23,Snacks,1,1,1,0.5,0.5,100,0.5
8/5/23,Drinks,5,9,1.8,125.98,25.19,100,125.98
8/5/23,General Food,24,99,4.1,2052.48,85.52,100,2052.48
8/5/23,Household,1,1,1,15.99,15.99,100,15.99
8/5/23,Meat/Fish,4,5,1.3,90,22.5,100,90
8/5/23,Pinless Recharge,1,1,1,10,10,0,0
8/6/23,General Food,3,7,2.3,57.98,19.32,100,57.98
8/6/23,Meat/Fish,1,1,1,20,20,100,20
8/7/23,Drinks,4,8,2,163.97,40.99,100,163.97
8/7/23,General Food,16,83,5.2,1863.38,116.46,100,1863.38
8/7/23,Meat/Fish,4,5,1.3,90,22.5,100,90
8/7/23,Pinless Recharge,1,1,1,5,5,0,0
8/7/23,Snacks,1,4,4,1.5,1.5,100,1.5
8/8/23,Drinks,4,7,1.8,240.96,60.24,100,240.96
8/8/23,General Food,11,57,5.2,1226.67,111.51,100,1226.67
8/8/23,Meat/Fish,3,19,6.3,260,86.66,100,260
8/8/23,Snacks,1,4,4,1,1,100,1
8/9/23,Cleaning&body,1,1,1,8,8,100,8
8/9/23,Drinks,7,9,1.3,281.94,40.27,100,281.94
8/9/23,General Food,21,89,4.2,1236.97,58.9,100,1236.97
8/9/23,Meat/Fish,5,7,1.4,90,18,100,90
8/9/23,Snacks,1,1,1,0.25,0.25,100,0.25
8/10/23,Drinks,2,6,3,6,3,100,6
8/10/23,Frozen,1,1,1,2,2,100,2
8/10/23,General Food,11,26,2.4,768.89,69.89,100,768.89
8/10/23,Household,1,1,1,15.99,15.99,100,15.99
8/10/23,Meat/Fish,4,4,1,60,15,100,60
8/10/23,Pinless Recharge,2,2,1,15,7.5,0,0
8/10/23,Snacks,1,1,1,15,15,100,15
8/11/23,Cleaning&body,2,2,1,10,5,100,10
8/11/23,Clothes,3,3,1,90,30,100,90
8/11/23,Drinks,2,2,1,40.99,20.49,100,40.99
8/11/23,General Food,13,45,3.5,897.67,69.05,100,897.67
8/11/23,Household,2,2,1,15.98,7.99,100,15.98
8/11/23,Misc.,3,3,1,45,15,100,45
8/11/23,Snacks,2,2,1,0.26,0.13,50,0.25
8/11/23,Vitamins/Medicine,1,1,1,4.75,4.75,0,0
8/12/23,Cleaning&body,1,1,1,20,20,100,20
8/12/23,Drinks,1,2,2,80,80,100,80
8/12/23,General Food,6,22,3.7,508.78,84.79,100,508.78
8/12/23,Meat/Fish,2,5,2.5,60,30,100,60
8/12/23,Pinless Recharge,1,1,1,5,5,0,0
8/13/23,General Food,6,21,3.5,214.41,35.73,100,214.41
8/13/23,Meat/Fish,1,1,1,20,20,100,20
8/14/23,Drinks,4,7,1.8,240.98,60.24,100,240.98
8/14/23,General Food,15,49,3.3,1281.7,85.44,100,1281.7
8/14/23,Meat/Fish,3,4,1.3,60,20,100,60
8/15/23,Drinks,1,1,1,40,40,100,40
8/15/23,General Food,3,18,6,151.93,50.64,100,151.93
8/15/23,Meat/Fish,1,1,1,20,20,100,20
8/15/23,Pinless Recharge,2,2,1,13,6.5,0,0
8/16/23,Drinks,2,2,1,79.99,39.99,100,79.99
8/16/23,General Food,5,22,4.4,336.9,67.38,100,336.9
8/16/23,Meat/Fish,1,1,1,20,20,100,20
8/17/23,Cleaning&body,1,2,2,16,16,100,16
8/17/23,Drinks,5,6,1.2,208.97,41.79,100,208.97
8/17/23,General Food,12,76,6.3,1000.35,83.36,100,1000.35
8/17/23,Meat/Fish,4,5,1.3,60,15,100,60
8/17/23,Snacks,2,2,1,0.5,0.25,100,0.5
8/18/23,Cleaning&body,1,1,1,10,10,100,10
8/18/23,Clothes,1,2,2,80,80,100,80
8/18/23,Drinks,1,2,2,79.99,79.99,100,79.99
8/18/23,General Food,10,51,5.1,905.75,90.57,100,905.75
8/18/23,Meat/Fish,3,6,2,88,29.33,100,88
8/18/23,Misc.,1,1,1,15,15,100,15
8/18/23,Pinless Recharge,1,1,1,10,10,0,0
8/18/23,Snacks,3,7,2.3,3.25,1.08,100,3.25
8/19/23,General Food,8,25,3.1,267.05,33.38,100,267.05
8/19/23,Snacks,1,2,2,2,2,100,2
8/21/23,Cleaning&body,1,1,1,8,8,100,8
8/21/23,Drinks,2,2,1,40.99,20.49,100,40.99
8/21/23,Frozen,1,1,1,6.99,6.99,100,6.99
8/21/23,General Food,9,82,9.1,784.76,87.19,100,784.76
8/21/23,Meat/Fish,2,4,2,70,35,100,70
8/22/23,Cleaning&body,1,3,3,6,6,100,6
8/22/23,General Food,3,18,6,201.94,67.31,100,201.94
8/22/23,Household,1,1,1,15.99,15.99,100,15.99
8/22/23,Meat/Fish,1,2,2,40,40,100,40
8/23/23,Drinks,1,1,1,39.99,39.99,100,39.99
8/23/23,General Food,2,5,2.5,164.49,82.24,100,164.49
8/23/23,Meat/Fish,1,1,1,20,20,100,20
8/23/23,Pinless Recharge,1,1,1,10,10,0,0
8/24/23,General Food,6,17,2.8,158.88,26.48,100,158.88
8/25/23,General Food,2,13,6.5,77.91,38.95,100,77.91
8/26/23,Cleaning&body,1,2,2,28,28,100,28
8/26/23,General Food,3,14,4.7,119.87,39.95,100,119.87
8/26/23,Meat/Fish,1,5,5,100,100,100,100
8/27/23,Drinks,1,1,1,39.99,39.99,100,39.99
8/27/23,General Food,4,19,4.8,152.34,38.08,100,152.34
8/27/23,Meat/Fish,1,2,2,40,40,100,40
8/27/23,Snacks,1,4,4,1,1,100,1
8/28/23,Drinks,1,1,1,40,40,100,40
8/28/23,General Food,5,16,3.2,405.85,81.17,100,405.85
8/29/23,Meat/Fish,1,2,2,40,40,100,40
8/30/23,General Food,2,9,4.5,51.49,25.74,100,51.49
8/30/23,Misc.,1,1,1,10,10,0,0
8/30/23,Pinless Recharge,1,1,1,10,10,0,0
8/31/23,Cleaning&body,2,2,1,16,8,100,16
8/31/23,Condiments,1,5,5,7.5,7.5,100,7.5
8/31/23,Drinks,1,2,2,79.98,79.98,100,79.98
8/31/23,General Food,9,80,8.9,781.42,86.82,100,781.42
8/31/23,Household,1,1,1,15.99,15.99,100,15.99
9/1/23,Cleaning&body,1,2,2,26,26,100,26
9/1/23,Drinks,4,10,2.5,95.98,23.99,100,95.98
9/1/23,General Food,11,63,5.7,849.36,77.21,100,849.36
9/1/23,Meat/Fish,6,6,1,110,18.33,100,110
9/1/23,Pasta/Rice,1,2,2,20,20,100,20
9/1/23,Pinless Recharge,1,1,1,10,10,0,0
9/2/23,Cleaning&body,2,3,1.5,25,12.5,100,25
9/2/23,Drinks,1,2,2,79.98,79.98,100,79.98
9/2/23,General Food,18,60,3.3,963.38,53.52,100,963.38
9/2/23,Meat/Fish,3,5,1.7,80,26.66,100,80
9/2/23,Snacks,2,6,3,9,4.5,100,9
9/3/23,Cleaning&body,1,4,4,23,23,100,23
9/3/23,General Food,3,6,2,74.97,24.99,100,74.97
9/3/23,Meat/Fish,1,2,2,40,40,100,40
9/4/23,Cleaning&body,1,1,1,8,8,100,8
9/4/23,Drinks,4,5,1.3,199.97,49.99,100,199.97
9/4/23,General Food,20,66,3.3,1628.19,81.4,100,1628.19
9/4/23,Household,1,2,2,15.98,15.98,100,15.98
9/4/23,Meat/Fish,4,5,1.3,100,25,100,100
9/4/23,Pinless Recharge,2,2,1,20,10,0,0
9/5/23,Cleaning&body,1,1,1,8,8,100,8
9/5/23,Drinks,2,2,1,42,21,100,42
9/5/23,General Food,9,23,2.6,607.32,67.48,100,607.32
9/5/23,Meat/Fish,3,3,1,40,13.33,100,40
9/6/23,Cleaning&body,1,1,1,8,8,100,8
9/6/23,Drinks,2,4,2,122,61,100,122
9/6/23,General Food,4,10,2.5,290.96,72.74,100,290.96
9/6/23,Meat/Fish,1,1,1,20,20,100,20
9/6/23,Pinless Recharge,1,1,1,5,5,0,0
9/7/23,Cleaning&body,2,2,1,16,8,100,16
9/7/23,Drinks,6,8,1.3,243.97,40.66,100,243.97
9/7/23,General Food,17,74,4.4,1612.31,94.84,100,1612.31
9/7/23,Household,1,1,1,15.99,15.99,100,15.99
9/7/23,Meat/Fish,3,4,1.3,70,23.33,100,70
9/7/23,Snacks,3,5,1.7,1.25,0.41,100,1.25
9/8/23,Drinks,3,6,2,163.96,54.65,100,163.96
9/8/23,General Food,10,35,3.5,977.58,97.75,100,977.58
9/8/23,Household,1,2,2,23.98,23.98,100,23.98
9/8/23,Meat/Fish,3,4,1.3,60,20,100,60
9/8/23,Pinless Recharge,1,1,1,10,10,0,0
9/9/23,Cleaning&body,1,1,1,20,20,100,20
9/9/23,Drinks,4,6,1.5,163.97,40.99,100,163.97
9/9/23,General Food,15,67,4.5,549.37,36.62,100,549.37
9/9/23,Meat/Fish,4,5,1.3,70,17.5,100,70
9/9/23,Misc.,1,1,1,15,15,100,15
9/9/23,Snacks,3,6,2,2.25,0.75,100,2.25
9/10/23,Clothes,1,1,1,40,40,100,40
9/10/23,Drinks,2,3,1.5,81.98,40.99,100,81.98
9/10/23,General Food,14,48,3.4,666.76,47.62,100,666.76
9/10/23,Meat/Fish,6,23,3.8,340,56.66,100,340
9/10/23,Snacks,1,3,3,3,3,100,3
9/11/23,Condiments,1,4,4,6,6,100,6
9/11/23,Drinks,4,10,2.5,96,24,100,96
9/11/23,General Food,9,48,5.3,1117.64,124.18,100,1117.64
9/11/23,Meat/Fish,5,8,1.6,140,28,87.5,120
9/11/23,Misc.,1,1,1,0.5,0.5,0,0
9/11/23,Pinless Recharge,1,1,1,5,5,0,0
9/12/23,Drinks,2,2,1,41.99,20.99,100,41.99
9/12/23,General Food,3,11,3.7,64.43,21.47,100,64.43
9/12/23,Meat/Fish,1,1,1,10,10,100,10
9/12/23,Pinless Recharge,1,1,1,10,10,0,0
9/13/23,Drinks,5,10,2,209.96,41.99,100,209.96
9/13/23,General Food,6,30,5,311.46,51.91,100,311.46
9/14/23,General Food,2,3,1.5,40.99,20.49,100,40.99
9/14/23,Meat/Fish,1,1,1,20,20,100,20
9/15/23,General Food,8,40,5,550.78,68.84,97.5,545.78
9/15/23,Meat/Fish,2,5,2.5,100,50,100,100
9/15/23,Pasta/Rice,1,1,1,10,10,100,10
9/15/23,Pinless Recharge,1,1,1,10,10,0,0
9/16/23,Cleaning&body,3,7,2.3,70,23.33,100,70
9/16/23,Drinks,2,2,1,79.98,39.99,100,79.98
9/16/23,General Food,19,100,5.3,1521.62,80.08,100,1521.62
9/16/23,Household,1,1,1,7.99,7.99,100,7.99
9/16/23,Meat/Fish,5,9,1.8,160,32,100,160
9/16/23,Pinless Recharge,1,1,1,10,10,0,0
9/17/23,Cleaning&body,2,3,1.5,18,9,100,18
9/17/23,Drinks,1,2,2,4,4,100,4
9/17/23,General Food,7,37,5.3,229.34,32.76,100,229.34
9/17/23,Household,1,3,3,31.97,31.97,100,31.97
9/17/23,Meat/Fish,3,6,2,90,30,100,90
9/17/23,Pinless Recharge,1,1,1,3,3,0,0
9/17/23,Snacks,1,4,4,2,2,100,2
9/18/23,Drinks,3,5,1.7,47.99,15.99,100,47.99
9/18/23,General Food,2,7,3.5,41.94,20.97,100,41.94
9/18/23,Meat/Fish,1,1,1,20,20,100,20
9/19/23,General Food,5,15,3,270.94,54.18,100,270.94
9/19/23,Meat/Fish,2,3,1.5,80,40,100,80
9/20/23,Drinks,4,6,1.5,163.97,40.99,100,163.97
9/20/23,General Food,6,28,4.7,435.44,72.57,100,435.44
9/20/23,Meat/Fish,1,1,1,20,20,100,20
9/21/23,Cleaning&body,1,1,1,8,8,100,8
9/21/23,Drinks,4,8,2,167.97,41.99,100,167.97
9/21/23,General Food,5,30,6,435.85,87.17,100,435.85
9/21/23,Meat/Fish,2,7,3.5,120,60,100,120
9/22/23,Cleaning&body,2,2,1,18,9,100,18
9/22/23,Drinks,3,8,2.7,167.97,55.99,100,167.97
9/22/23,General Food,8,36,4.5,469.8,58.72,100,469.8
9/22/23,Meat/Fish,4,5,1.3,90,22.5,100,90
9/23/23,Drinks,2,4,2,159.98,79.99,100,159.98
9/23/23,General Food,10,35,3.5,885.77,88.57,100,885.77
9/23/23,Meat/Fish,6,10,1.7,170,28.33,100,170
9/23/23,Pinless Recharge,1,1,1,10,10,0,0
9/25/23,Cleaning&body,1,1,1,8,8,100,8
9/25/23,Condiments,1,1,1,5,5,100,5
9/25/23,General Food,3,8,2.7,44.93,14.97,100,44.93
9/25/23,Meat/Fish,2,4,2,80,40,100,80
9/26/23,Cleaning&body,1,1,1,8,8,100,8
9/26/23,General Food,5,14,2.8,113.89,22.77,100,113.89
9/26/23,Household,1,1,1,7.99,7.99,100,7.99
9/26/23,Meat/Fish,3,3,1,60,20,100,60
9/27/23,Drinks,2,5,2.5,10,5,100,10
9/27/23,General Food,6,24,4,212.42,35.4,100,212.42
9/27/23,Meat/Fish,2,2,1,30,15,100,30
9/28/23,Drinks,1,1,1,39.99,39.99,100,39.99
9/28/23,General Food,5,33,6.6,328.76,65.75,100,328.76
9/28/23,Meat/Fish,1,2,2,40,40,100,40
9/28/23,Snacks,1,1,1,3,3,100,3
9/29/23,Drinks,1,2,2,80,80,100,80
9/29/23,General Food,2,12,6,127.99,63.99,100,127.99
9/29/23,Meat/Fish,2,6,3,110,55,100,110
9/30/23,General Food,3,6,2,106.98,35.66,100,106.98
10/1/23,General Food,5,16,3.2,280.7,56.14,100,280.7
10/1/23,Meat/Fish,1,2,2,40,40,100,40
10/2/23,Drinks,4,6,1.5,163.97,40.99,100,163.97
10/2/23,Frozen,1,2,2,10,10,0,0
10/2/23,General Food,12,107,8.9,1778.12,148.17,99.1,1768.12
10/2/23,Meat/Fish,4,4,1,60,15,100,60
10/2/23,Snacks,1,4,4,1.5,1.5,100,1.5
10/3/23,Drinks,2,2,1,42,21,100,42
10/3/23,General Food,14,94,6.7,1548.23,110.58,100,1548.23
10/3/23,Meat/Fish,3,5,1.7,100,33.33,100,100
10/3/23,Pinless Recharge,1,1,1,5,5,0,0
10/4/23,Drinks,4,4,1,121.97,30.49,100,121.97
10/4/23,General Food,15,71,4.7,1525.06,101.67,100,1525.06
10/4/23,Meat/Fish,5,7,1.4,120,24,100,120
10/4/23,Snacks,2,3,1.5,0.75,0.37,100,0.75
10/5/23,Drinks,2,3,1.5,43.99,21.99,100,43.99
10/5/23,General Food,9,31,3.4,1030.7,114.52,100,1030.7
10/5/23,Meat/Fish,2,3,1.5,80,40,100,80
10/6/23,Cleaning&body,1,2,2,10,10,100,10
10/6/23,Drinks,3,5,1.7,124,41.33,100,124
10/6/23,General Food,19,83,4.4,1349.84,71.04,100,1349.84
10/6/23,Meat/Fish,9,63,7,970,107.77,100,970
10/6/23,Pinless Recharge,1,1,1,11,11,0,0
10/7/23,Cleaning&body,2,2,1,18,9,100,18
10/7/23,Drinks,3,3,1,81.98,27.32,100,81.98
10/7/23,General Food,15,72,4.8,506.13,33.74,100,506.13
10/7/23,Meat/Fish,5,8,1.6,120,24,100,120
10/7/23,Pinless Recharge,1,1,1,5,5,0,0
10/8/23,Drinks,3,5,1.7,85.98,28.66,100,85.98
10/8/23,General Food,7,48,6.9,709.75,101.39,100,709.75
10/8/23,Meat/Fish,3,9,3,140,46.66,100,140
10/8/23,Snacks,1,3,3,0.75,0.75,100,0.75
10/9/23,Cleaning&body,3,7,2.3,85,28.33,85.7,77
10/9/23,Drinks,7,8,1.1,243.96,34.85,100,243.96
10/9/23,General Food,22,80,3.6,892.47,40.56,100,892.47
10/9/23,Meat/Fish,9,24,2.7,360,40,100,360
10/9/23,Pinless Recharge,1,1,1,10,10,0,0
10/9/23,Snacks,2,5,2.5,2,1,100,2
10/10/23,General Food,6,24,4,232.85,38.8,100,232.85
10/10/23,Meat/Fish,2,2,1,30,15,100,30
10/11/23,Cleaning&body,1,1,1,16,16,100,16
10/11/23,Drinks,6,6,1,201.99,33.66,100,201.99
10/11/23,General Food,18,110,6.1,1426.23,79.23,100,1426.23
10/11/23,Meat/Fish,4,4,1,60,15,100,60
10/11/23,Snacks,1,4,4,1,1,100,1
10/12/23,Cleaning&body,2,4,2,10,5,100,10
10/12/23,Drinks,7,12,1.7,441.94,63.13,100,441.94
10/12/23,General Food,15,78,5.2,2018.53,134.56,100,2018.53
10/12/23,Meat/Fish,6,12,2,190,31.66,100,190
10/12/23,Snacks,1,1,1,0.25,0.25,100,0.25
10/13/23,Drinks,3,4,1.3,121.99,40.66,100,121.99
10/13/23,Frozen,1,1,1,14,14,0,0
10/13/23,General Food,10,37,3.7,586.47,58.64,100,586.47
10/13/23,Meat/Fish,1,2,2,40,40,100,40
10/14/23,Cleaning&body,2,2,1,30,15,100,30
10/14/23,Drinks,2,5,2.5,10,5,100,10
10/14/23,General Food,14,65,4.6,873.16,62.36,100,873.16
10/14/23,Meat/Fish,2,4,2,60,30,100,60
10/14/23,Snacks,1,1,1,1,1,100,1
10/15/23,Cleaning&body,1,1,1,20,20,100,20
10/15/23,Drinks,1,1,1,39.99,39.99,100,39.99
10/15/23,General Food,6,30,5,1218.64,203.1,100,1218.64
10/15/23,Meat/Fish,1,2,2,60,60,100,60
10/16/23,General Food,1,3,3,11.97,11.97,100,11.97
10/17/23,Drinks,6,12,2,251.96,41.99,100,251.96
10/17/23,General Food,14,60,4.3,1312.05,93.71,100,1312.05
10/17/23,Meat/Fish,2,5,2.5,130,65,100,130
10/17/23,Snacks,1,4,4,1,1,100,1
10/18/23,Drinks,2,4,2,159.99,79.99,100,159.99
10/18/23,General Food,7,48,6.9,783.66,111.95,100,783.66
10/18/23,Meat/Fish,4,5,1.3,100,25,100,100
10/18/23,Pinless Recharge,1,1,1,10,10,0,0
10/18/23,Snacks,1,4,4,1,1,100,1
10/19/23,Drinks,1,1,1,39.99,39.99,100,39.99
10/19/23,General Food,4,39,9.8,779.56,194.89,100,779.56
10/19/23,Pinless Recharge,3,3,1,25,8.33,0,0
10/20/23,Drinks,1,2,2,80,80,100,80
10/20/23,General Food,6,23,3.8,877.66,146.27,100,877.66
10/20/23,Meat/Fish,1,1,1,20,20,100,20
10/20/23,Snacks,1,4,4,1,1,100,1
10/21/23,General Food,6,16,2.7,230.94,38.49,100,230.94
10/21/23,Meat/Fish,2,2,1,30,15,100,30
10/21/23,Pinless Recharge,1,1,1,5,5,0,0
10/22/23,Cleaning&body,1,2,2,23,23,100,23
10/22/23,Clothes,1,2,2,10,10,0,0
10/22/23,General Food,3,10,3.3,74.91,24.97,100,74.91
10/23/23,Cleaning&body,1,1,1,10,10,100,10
10/23/23,General Food,3,10,3.3,227.48,75.82,100,227.48
10/23/23,Pinless Recharge,1,1,1,5,5,0,0
10/24/23,General Food,10,31,3.1,805.18,80.51,100,805.18
10/24/23,Household,1,1,1,6.85,6.85,100,6.85
10/24/23,Meat/Fish,2,5,2.5,90,45,100,90
10/24/23,Pinless Recharge,1,1,1,15,15,0,0
10/25/23,Cleaning&body,1,1,1,10,10,100,10
10/25/23,Drinks,1,1,1,40,40,100,40
10/25/23,General Food,2,6,3,41.47,20.73,100,41.47
10/25/23,Meat/Fish,2,3,1.5,70,35,100,70
10/25/23,Snacks,1,1,1,3,3,100,3
10/26/23,Cleaning&body,1,1,1,16,16,100,16
10/26/23,Drinks,1,1,1,40,40,100,40
10/26/23,General Food,5,35,7,515.75,103.15,100,515.75
10/26/23,Meat/Fish,2,2,1,40,20,100,40
10/27/23,Cleaning&body,1,1,1,16,16,100,16
10/27/23,Drinks,2,3,1.5,6,3,100,6
10/27/23,General Food,7,24,3.4,662.79,94.68,100,662.79
10/27/23,Meat/Fish,1,1,1,20,20,100,20
10/27/23,Snacks,2,3,1.5,0.75,0.37,100,0.75
10/28/23,Cleaning&body,1,1,1,16,16,100,16
10/28/23,Drinks,2,4,2,8,4,100,8
10/28/23,General Food,7,18,2.6,161.89,23.12,100,161.89
10/28/23,Meat/Fish,1,1,1,10,10,100,10
10/28/23,Snacks,2,8,4,2,1,100,2
10/29/23,Cleaning&body,1,3,3,38,38,100,38
10/29/23,General Food,6,11,1.8,299.94,49.99,100,299.94
10/29/23,Meat/Fish,1,3,3,50,50,66.7,40
10/30/23,Cleaning&body,1,2,2,26.4,26.4,100,26.4
10/30/23,General Food,4,7,1.8,78.93,19.73,100,78.93
10/31/23,Clothes,1,1,1,40,40,100,40
10/31/23,General Food,3,25,8.3,132.86,44.28,100,132.86
10/31/23,Meat/Fish,1,2,2,40,40,100,40
10/31/23,Pinless Recharge,1,1,1,15,15,0,0
11/1/23,Cleaning&body,1,1,1,5,5,100,5
11/1/23,Clothes,2,76,38,3040,1520,100,3040
11/1/23,Drinks,2,11,5.5,57,28.5,100,57
11/1/23,General Food,13,43,3.3,440.89,33.91,100,440.89
11/1/23,Household,1,4,4,28,28,100,28
11/1/23,Meat/Fish,4,5,1.3,120,30,100,120
11/1/23,Snacks,1,10,10,5,5,100,5
11/2/23,Cleaning&body,1,2,2,23,23,100,23
11/2/23,Drinks,1,1,1,40,40,100,40
11/2/23,General Food,14,33,2.4,809.23,57.8,100,809.23
11/2/23,Meat/Fish,4,5,1.3,60,15,100,60
11/2/23,Pinless Recharge,1,1,1,10,10,0,0
11/2/23,Snacks,1,2,2,0.5,0.5,100,0.5
11/3/23,Cleaning&body,1,3,3,48,48,100,48
11/3/23,Frozen,1,4,4,60,60,50,15
11/3/23,General Food,14,36,2.6,1232.62,88.04,100,1232.62
11/3/23,Meat/Fish,2,2,1,40,20,100,40
11/3/23,Pinless Recharge,2,2,1,15,7.5,0,0
11/4/23,Cleaning&body,3,6,2,36,12,100,36
11/4/23,Drinks,2,13,6.5,77,38.5,100,77
11/4/23,Frozen,1,1,1,5,5,100,5
11/4/23,General Food,15,86,5.7,1059.25,70.61,100,1059.25
11/4/23,Meat/Fish,3,3,1,55,18.33,100,55
11/5/23,General Food,6,20,3.3,438.09,73.01,100,438.09
11/5/23,Meat/Fish,2,5,2.5,60,30,100,60
11/5/23,Snacks,1,6,6,3,3,100,3
11/6/23,Cleaning&body,1,1,1,25,25,100,25
11/6/23,General Food,7,22,3.1,169.33,24.19,100,169.33
11/6/23,Meat/Fish,1,2,2,30,30,100,30
11/7/23,Cleaning&body,2,2,1,4,2,100,4
11/7/23,Clothes,1,1,1,10,10,100,10
11/7/23,Drinks,3,8,2.7,150.99,50.33,100,150.99
11/7/23,General Food,24,142,5.9,2772.79,115.53,100,2772.79
11/7/23,Household,1,1,1,15.99,15.99,100,15.99
11/7/23,Meat/Fish,3,5,1.7,80,26.66,100,80
11/7/23,Snacks,1,1,1,0.25,0.25,100,0.25
11/8/23,General Food,13,55,4.2,543.45,41.8,100,543.45
11/8/23,Meat/Fish,1,1,1,20,20,100,20
11/9/23,Frozen,1,2,2,15,15,100,15
11/9/23,General Food,9,58,6.4,493.39,54.82,100,493.39
11/9/23,Household,1,1,1,15.99,15.99,100,15.99
11/9/23,Meat/Fish,1,2,2,20,20,100,20
11/9/23,Snacks,1,2,2,14,14,100,14
11/10/23,Cleaning&body,1,2,2,26,26,100,26
11/10/23,Drinks,2,3,1.5,50.99,25.49,100,50.99
11/10/23,General Food,18,81,4.5,987.56,54.86,100,987.56
11/10/23,Meat/Fish,6,9,1.5,170,28.33,100,170
11/10/23,Snacks,1,4,4,2,2,100,2
11/10/23,Tobacco,1,1,1,11.08,11.08,0,0
11/11/23,Cleaning&body,3,4,1.3,29,9.66,100,29
11/11/23,General Food,11,42,3.8,416.31,37.84,100,416.31
11/11/23,Meat/Fish,2,3,1.5,50,25,100,50
11/11/23,Snacks,1,20,20,10,10,100,10
11/12/23,General Food,10,34,3.4,428.81,42.88,100,428.81
11/12/23,Meat/Fish,4,14,3.5,205,51.25,100,205
11/12/23,Pasta/Rice,1,1,1,10,10,100,10
11/12/23,Snacks,1,8,8,4,4,100,4
11/13/23,Cleaning&body,2,2,1,20,10,100,20
11/13/23,Clothes,1,1,1,40,40,100,40
11/13/23,Drinks,1,10,10,20,20,100,20
11/13/23,Frozen,1,1,1,20,20,0,0
11/13/23,General Food,13,41,3.2,407.38,31.33,100,407.38
11/13/23,Household,1,1,1,7,7,100,7
11/13/23,Meat/Fish,2,3,1.5,80,40,100,80
11/13/23,Misc.,1,4,4,20,20,0,0
11/13/23,Snacks,5,165,33,165,33,100,165
11/14/23,Drinks,5,6,1.2,239.96,47.99,100,239.96
11/14/23,General Food,11,46,4.2,1744.97,158.63,100,1744.97
11/14/23,Meat/Fish,1,1,1,10,10,100,10
11/14/23,Snacks,1,4,4,1,1,100,1
11/15/23,Drinks,1,1,1,3,3,0,0
11/15/23,Frozen,1,1,1,6.99,6.99,100,6.99
11/15/23,General Food,15,85,5.7,950.1,63.34,100,950.1
11/15/23,Meat/Fish,3,5,1.7,100,33.33,100,100
11/15/23,Pinless Recharge,1,1,1,15,15,0,0
11/16/23,Cleaning&body,1,1,1,15,15,100,15
11/16/23,General Food,9,53,5.9,640.59,71.17,100,640.59
11/16/23,Meat/Fish,2,4,2,70,35,100,70
11/17/23,Drinks,3,3,1,119.97,39.99,100,119.97
11/17/23,General Food,9,36,4,612.27,68.03,100,612.27
11/17/23,Pinless Recharge,2,2,1,21,10.5,0,0
11/17/23,Snacks,1,4,4,1,1,100,1
11/18/23,Drinks,1,1,1,40,40,100,40
11/18/23,General Food,20,103,5.2,1329.42,66.47,100,1329.42
11/18/23,Household,1,1,1,15.99,15.99,100,15.99
11/18/23,Meat/Fish,4,4,1,70,17.5,100,70
11/18/23,Pasta/Rice,1,1,1,10,10,100,10
11/18/23,Pinless Recharge,2,2,1,20,10,0,0
11/19/23,General Food,4,11,2.8,181.95,45.48,100,181.95
11/20/23,Drinks,2,2,1,79.99,39.99,100,79.99
11/20/23,General Food,6,18,3,692.81,115.46,100,692.81
11/21/23,General Food,4,12,3,63.93,15.98,100,63.93
11/22/23,Cleaning&body,1,1,1,16,16,100,16
11/22/23,General Food,15,101,6.7,2750.26,183.35,100,2750.26
11/22/23,Meat/Fish,4,7,1.8,170,42.5,100,170
11/22/23,Pinless Recharge,1,1,1,10,10,0,0
11/23/23,Drinks,4,6,1.5,88.99,22.24,100,88.99
11/23/23,General Food,7,49,7,1092.64,156.09,100,1092.64
11/23/23,Meat/Fish,1,1,1,30,30,100,30
11/24/23,Cleaning&body,1,5,5,61,61,100,61
11/24/23,Drinks,1,1,1,2,2,100,2
11/24/23,General Food,7,42,6,394.34,56.33,100,394.34
11/24/23,Meat/Fish,4,18,4.5,340,85,100,340
11/24/23,Pinless Recharge,1,1,1,10,10,0,0
11/24/23,Snacks,1,9,9,9,9,100,9
11/25/23,Drinks,1,3,3,6,6,100,6
11/25/23,General Food,2,3,1.5,225.98,112.99,100,225.98
11/25/23,Meat/Fish,1,2,2,60,60,100,60
11/25/23,Pinless Recharge,1,1,1,5,5,0,0
11/26/23,Drinks,1,1,1,2,2,100,2
11/26/23,General Food,5,16,3.2,586.95,117.39,100,586.95
11/26/23,Meat/Fish,1,1,1,20,20,100,20
11/27/23,General Food,1,12,12,129.95,129.95,100,129.95
11/27/23,Meat/Fish,1,1,1,20,20,100,20
11/28/23,Drinks,2,2,1,42,21,100,42
11/28/23,General Food,7,26,3.7,732.46,104.63,100,732.46
11/28/23,Meat/Fish,1,2,2,60,60,100,60
11/29/23,Drinks,1,1,1,39.99,39.99,100,39.99
11/29/23,General Food,1,5,5,25,25,100,25
11/30/23,Drinks,2,2,1,41.99,20.99,100,41.99
11/30/23,General Food,4,8,2,298.95,74.73,100,298.95
11/30/23,Meat/Fish,1,2,2,40,40,100,40
12/1/23,Drinks,4,10,2.5,361.98,90.49,100,361.98
12/1/23,General Food,16,52,3.3,1796.57,112.28,100,1796.57
12/1/23,Meat/Fish,5,12,2.4,230,46,100,230
12/1/23,Snacks,1,3,3,1,1,100,1
12/2/23,Cleaning&body,2,2,1,34,17,100,34
12/2/23,Drinks,6,10,1.7,95.99,15.99,100,95.99
12/2/23,General Food,19,96,5.1,1761.99,92.73,100,1761.99
12/2/23,Meat/Fish,3,8,2.7,170,56.66,100,170
12/2/23,Pinless Recharge,2,2,1,15,7.5,0,0
12/2/23,Snacks,4,13,3.3,3.25,0.81,100,3.25
12/3/23,Drinks,1,1,1,39.99,39.99,100,39.99
12/3/23,General Food,1,3,3,60,60,100,60
12/3/23,Meat/Fish,1,1,1,20,20,100,20
12/3/23,Snacks,1,1,1,0.25,0.25,100,0.25
12/4/23,Cleaning&body,1,7,7,72,72,100,72
12/4/23,Drinks,3,4,1.3,159.97,53.32,100,159.97
12/4/23,General Food,19,80,4.2,1482.24,78.01,100,1482.24
12/4/23,Meat/Fish,9,23,2.6,540,60,100,540
12/4/23,Snacks,1,2,2,1,1,100,1
12/5/23,Drinks,7,13,1.9,291.98,41.71,100,291.98
12/5/23,General Food,23,104,4.5,2032.28,88.36,100,2032.28
12/5/23,Meat/Fish,8,8,1,165,20.62,100,165
12/5/23,Snacks,1,4,4,1,1,100,1
12/6/23,Drinks,8,9,1.1,283.97,35.49,100,283.97
12/6/23,General Food,16,84,5.3,1106.3,69.14,100,1106.3
12/6/23,Meat/Fish,8,14,1.8,295,36.87,100,295
12/6/23,Snacks,1,2,2,1,1,100,1
12/7/23,Drinks,6,12,2,403.99,67.33,100,403.99
12/7/23,Frozen,1,3,3,22.5,22.5,100,22.5
12/7/23,General Food,14,63,4.5,987.62,70.54,100,987.62
12/7/23,Meat/Fish,4,4,1,90,22.5,100,90
12/7/23,Pasta/Rice,1,1,1,10,10,100,10
12/8/23,Cleaning&body,1,1,1,18,18,100,18
12/8/23,Drinks,11,15,1.4,372.96,33.9,100,372.96
12/8/23,General Food,22,87,4,2294.83,104.31,100,2294.83
12/8/23,Meat/Fish,6,7,1.2,130,21.66,100,130
12/8/23,Pinless Recharge,1,1,1,5,5,0,0
12/8/23,Snacks,1,4,4,1,1,100,1
12/9/23,Drinks,5,9,1.8,245.96,49.19,100,245.96
12/9/23,General Food,26,104,4,2033.87,78.22,100,2033.87
12/9/23,Meat/Fish,4,5,1.3,105,26.25,100,105
12/11/23,Cleaning&body,2,2,1,55,27.5,100,55
12/11/23,Drinks,6,8,1.3,129.99,21.66,100,129.99
12/11/23,General Food,18,117,6.5,2204.38,122.46,100,2204.38
12/11/23,Meat/Fish,2,2,1,40,20,100,40
12/11/23,Snacks,1,4,4,1,1,100,1
12/12/23,Cleaning&body,1,1,1,15,15,100,15
12/12/23,Clothes,1,1,1,10,10,100,10
12/12/23,Drinks,5,5,1,161.99,32.39,100,161.99
12/12/23,General Food,13,49,3.8,876.01,67.38,100,876.01
12/12/23,Meat/Fish,4,5,1.3,90,22.5,100,90
12/13/23,Drinks,3,3,1,110.98,36.99,100,110.98
12/13/23,General Food,10,57,5.7,1440.56,144.05,100,1440.56
12/13/23,Meat/Fish,1,1,1,20,20,100,20
12/14/23,Drinks,2,3,1.5,119.98,59.99,100,119.98
12/14/23,General Food,7,32,4.6,1083.26,154.75,100,1083.26
12/14/23,Meat/Fish,1,1,1,20,20,100,20
12/14/23,Pinless Recharge,1,1,1,5,5,0,0
12/15/23,Cleaning&body,1,1,1,15,15,100,15
12/15/23,Drinks,1,1,1,40,40,100,40
12/15/23,Frozen,1,4,4,30,30,100,30
12/15/23,General Food,12,42,3.5,267.78,22.31,100,267.78
12/15/23,Household,1,1,1,15.99,15.99,100,15.99
12/15/23,Meat/Fish,3,4,1.3,95,31.66,100,95
12/15/23,Pinless Recharge,1,1,1,10,10,0,0
12/16/23,Cleaning&body,1,4,4,33,33,100,33
12/16/23,Drinks,1,1,1,39.99,39.99,100,39.99
12/16/23,General Food,8,35,4.4,385.42,48.17,100,385.42
12/16/23,Meat/Fish,1,1,1,20,20,100,20
12/16/23,Pinless Recharge,2,3,1.5,20,10,0,0
12/18/23,Drinks,1,1,1,2,2,100,2
12/18/23,General Food,10,37,3.7,632.75,63.27,100,632.75
12/18/23,Meat/Fish,1,1,1,15,15,100,15
12/19/23,General Food,3,12,4,105.99,35.33,100,105.99
12/19/23,Meat/Fish,1,1,1,20,20,100,20
12/20/23,Cleaning&body,1,2,2,20,20,100,20
12/20/23,Drinks,1,1,1,40,40,100,40
12/20/23,General Food,9,33,3.7,492.91,54.76,100,492.91
12/20/23,Meat/Fish,1,2,2,40,40,100,40
12/20/23,Pinless Recharge,1,1,1,10,10,0,0
12/21/23,General Food,8,17,2.1,181.93,22.74,100,181.93
12/21/23,Meat/Fish,4,5,1.3,80,20,100,80
12/22/23,General Food,2,6,3,41.04,20.52,100,41.04
12/22/23,Meat/Fish,1,1,1,20,20,100,20
12/23/23,Cleaning&body,2,3,1.5,50,25,100,50
12/23/23,General Food,16,86,5.4,810.28,50.64,100,810.28
12/24/23,Cleaning&body,4,4,1,51,12.75,100,51
12/24/23,General Food,12,29,2.4,444.75,37.06,100,444.75
12/24/23,Meat/Fish,2,2,1,90,45,100,90
12/25/23,General Food,3,17,5.7,155.52,51.84,100,155.52
12/25/23,Meat/Fish,1,21,21,420,420,100,420
12/26/23,Drinks,3,3,1,44,14.66,100,44
12/26/23,General Food,15,60,4,1388.5,92.56,100,1388.5
12/26/23,Meat/Fish,5,6,1.2,85,17,100,85
12/26/23,Pinless Recharge,1,1,1,12,12,0,0
12/26/23,Snacks,1,4,4,1,1,100,1
12/27/23,Drinks,1,1,1,2,2,100,2
12/27/23,General Food,5,14,2.8,115.97,23.19,100,115.97
12/27/23,Meat/Fish,2,2,1,40,20,100,40
12/28/23,Drinks,1,1,1,39.99,39.99,100,39.99
12/28/23,General Food,5,12,2.4,90.97,18.19,100,90.97
12/29/23,Drinks,1,1,1,40,40,100,40
12/29/23,General Food,5,60,12,362.62,72.52,100,362.62
12/30/23,General Food,12,43,3.6,559.88,46.65,100,559.88
12/30/23,Pinless Recharge,1,1,1,2,2,0,0
12/30/23,Snacks,1,4,4,1,1,100,1
12/31/23,General Food,2,3,1.5,9.97,4.98,100,9.97
12/31/23,Pinless Recharge,1,1,1,20,20,0,0
1/1/24,General Food,1,1,1,3.99,3.99,100,3.99
1/2/24,Condiments,1,1,1,1.5,1.5,100,1.5
1/2/24,Drinks,8,14,1.8,483.92,60.49,100,483.92
1/2/24,General Food,19,123,6.5,2705.32,142.38,100,2705.32
1/2/24,Pinless Recharge,1,1,1,10,10,0,0
1/2/24,Snacks,1,1,1,30,30,100,30
1/3/24,Drinks,3,5,1.7,10,3.33,100,10
1/3/24,General Food,12,52,4.3,1349.68,112.47,100,1349.68
1/3/24,Meat/Fish,4,4,1,70,17.5,100,70
1/4/24,Drinks,3,4,1.3,45.99,15.33,100,45.99
1/4/24,General Food,14,91,6.5,2101.46,150.1,100,2101.46
1/5/24,Condiments,1,2,2,3,3,100,3
1/5/24,Drinks,2,2,1,4,2,100,4
1/5/24,General Food,13,60,4.6,872.69,67.13,100,872.69
1/5/24,Meat/Fish,3,3,1,55,18.33,100,55
1/5/24,Pinless Recharge,1,1,1,10,10,0,0
1/6/24,Drinks,4,4,1,159.96,39.99,100,159.96
1/6/24,General Food,5,19,3.8,760.83,152.16,100,760.83
1/6/24,Meat/Fish,1,1,1,20,20,100,20
1/6/24,Snacks,2,8,4,2,1,100,2
1/7/24,Condiments,1,2,2,3,3,100,3
1/7/24,Drinks,1,2,2,79.99,79.99,100,79.99
1/7/24,General Food,9,33,3.7,862.28,95.8,100,862.28
1/7/24,Meat/Fish,1,1,1,20,20,100,20
1/7/24,Snacks,1,2,2,1,1,100,1
1/8/24,Cleaning&body,1,1,1,30,30,100,30
1/8/24,Condiments,4,10,2.5,15,3.75,100,15
1/8/24,Drinks,7,12,1.7,288.96,41.28,100,288.96
1/8/24,General Food,21,168,8,3217.56,153.21,100,3217.56
1/8/24,Meat/Fish,3,4,1.3,75,25,100,75
1/8/24,Snacks,1,4,4,1,1,100,1
1/9/24,Condiments,1,2,2,3,3,100,3
1/9/24,Drinks,5,5,1,47.99,9.59,100,47.99
1/9/24,Frozen,1,2,2,15,15,100,15
1/9/24,General Food,18,82,4.6,874.67,48.59,100,874.67
1/9/24,Meat/Fish,6,7,1.2,120,20,100,120
1/10/24,Drinks,5,7,1.4,127.47,25.49,100,127.47
1/10/24,Frozen,1,4,4,30,30,100,30
1/10/24,General Food,16,78,4.9,1119.46,69.96,100,1119.46
1/10/24,Meat/Fish,3,3,1,55,18.33,100,55
1/10/24,Pinless Recharge,3,3,1,40,13.33,0,0
1/10/24,Snacks,2,7,3.5,4.75,2.37,100,4.75
1/11/24,Drinks,3,3,1,81.98,27.32,100,81.98
1/11/24,General Food,9,51,5.7,901.36,100.15,100,901.36
1/11/24,Meat/Fish,1,1,1,20,20,100,20
1/11/24,Snacks,2,5,2.5,1.25,0.62,100,1.25
1/12/24,Clothes,1,4,4,20,20,0,0
1/12/24,General Food,8,30,3.8,565.76,70.72,100,565.76
1/12/24,Pinless Recharge,1,1,1,5,5,0,0
1/12/24,Snacks,1,1,1,0.25,0.25,100,0.25
1/13/24,Cleaning&body,1,1,1,20,20,100,20
1/13/24,Condiments,1,3,3,4.5,4.5,100,4.5
1/13/24,Drinks,2,2,1,42,21,100,42
1/13/24,General Food,19,163,8.6,1609.74,84.72,100,1609.74
1/13/24,Meat/Fish,8,10,1.3,215,26.87,100,215
1/13/24,Snacks,1,1,1,0.25,0.25,100,0.25
1/14/24,General Food,1,5,5,62.98,62.98,100,62.98
1/15/24,Drinks,1,1,1,2,2,100,2
1/15/24,General Food,8,43,5.4,407.18,50.89,100,407.18
1/15/24,Meat/Fish,2,2,1,35,17.5,100,35
1/15/24,Pinless Recharge,1,1,1,20,20,0,0
1/16/24,Drinks,1,1,1,39.99,39.99,100,39.99
1/16/24,General Food,6,38,6.3,689.58,114.93,100,689.58
1/16/24,Meat/Fish,1,1,1,20,20,100,20
1/16/24,Pinless Recharge,2,2,1,27,13.5,0,0
1/17/24,Cleaning&body,1,1,1,2.5,2.5,100,2.5
1/17/24,Drinks,4,8,2,243.97,60.99,100,243.97
1/17/24,General Food,9,47,5.2,782.89,86.98,100,782.89
1/17/24,Meat/Fish,3,3,1,50,16.66,100,50
1/17/24,Pinless Recharge,1,1,1,4,4,0,0
1/17/24,Snacks,1,4,4,1,1,100,1
1/18/24,Cleaning&body,1,2,2,23,23,100,23
1/18/24,General Food,4,11,2.8,151.42,37.85,100,151.42
1/18/24,Meat/Fish,2,21,10.5,210,105,100,210
1/19/24,Drinks,1,1,1,39.99,39.99,100,39.99
1/19/24,General Food,9,41,4.6,838.68,93.18,100,838.68
1/19/24,Meat/Fish,2,3,1.5,50,25,100,50
1/20/24,General Food,4,25,6.3,140.81,35.2,100,140.81
1/20/24,Meat/Fish,1,1,1,20,20,100,20
1/22/24,General Food,9,28,3.1,428.77,47.64,100,428.77
1/23/24,Cleaning&body,1,1,1,11.99,11.99,100,11.99
1/23/24,Drinks,2,7,3.5,52,26,100,52
1/23/24,General Food,13,31,2.4,776.68,59.74,100,776.68
1/23/24,Meat/Fish,2,4,2,70,35,100,70
1/24/24,Cleaning&body,1,1,1,18,18,100,18
1/24/24,Condiments,1,1,1,1.5,1.5,100,1.5
1/24/24,General Food,7,19,2.7,384.92,54.98,100,384.92
1/24/24,Meat/Fish,1,1,1,20,20,100,20
1/25/24,Drinks,1,2,2,41.99,41.99,100,41.99
1/25/24,General Food,7,30,4.3,446.71,63.81,100,446.71
1/25/24,Snacks,2,7,3.5,1.75,0.87,100,1.75
1/26/24,Cleaning&body,1,1,1,11.99,11.99,100,11.99
1/26/24,Drinks,1,2,2,42,42,100,42
1/26/24,General Food,8,28,3.5,499.89,62.48,100,499.89
1/26/24,Meat/Fish,2,2,1,35,17.5,100,35
1/27/24,Drinks,2,5,2.5,47.99,23.99,100,47.99
1/27/24,General Food,10,34,3.4,960.31,96.03,100,960.31
1/27/24,Meat/Fish,1,1,1,15,15,100,15
1/29/24,General Food,3,18,6,227.92,75.97,100,227.92
1/30/24,Drinks,5,12,2.4,251.97,50.39,100,251.97
1/30/24,General Food,4,12,3,215.99,53.99,100,215.99
1/30/24,Meat/Fish,1,1,1,20,20,100,20
1/31/24,Condiments,1,3,3,4.5,4.5,100,4.5
1/31/24,Drinks,1,1,1,39.99,39.99,100,39.99
1/31/24,General Food,4,9,2.3,260.86,65.21,100,260.86
2/1/24,Cleaning&body,2,2,1,21.25,10.62,100,21.25
2/1/24,Drinks,2,2,1,79.99,39.99,100,79.99
2/1/24,General Food,11,42,3.8,820.87,74.62,100,820.87
2/1/24,Meat/Fish,5,5,1,90,18,100,90
2/1/24,Snacks,1,4,4,1,1,100,1
2/2/24,Drinks,5,6,1.2,201.97,40.39,100,201.97
2/2/24,General Food,18,70,3.9,2113.47,117.41,100,2113.47
2/2/24,Meat/Fish,5,6,1.2,110,22,100,110
2/2/24,Pinless Recharge,1,1,1,10,10,0,0
2/2/24,Snacks,1,4,4,1,1,100,1
2/3/24,Cleaning&body,1,1,1,10.99,10.99,100,10.99
2/3/24,Clothes,1,1,1,40,40,100,40
2/3/24,Drinks,8,15,1.9,447.94,55.99,100,447.94
2/3/24,General Food,20,84,4.2,1638.62,81.93,100,1638.62
2/3/24,Meat/Fish,2,4,2,50,25,100,50
2/3/24,Snacks,4,18,4.5,6.5,1.62,100,6.5
2/5/24,Calling Card,1,1,1,2,2,100,2
2/5/24,Condiments,1,9,9,13.5,13.5,100,13.5
2/5/24,Drinks,2,2,1,79.99,39.99,100,79.99
2/5/24,General Food,13,54,4.2,819.38,63.02,100,819.38
2/5/24,Meat/Fish,3,6,2,110,36.66,100,110
2/5/24,Pinless Recharge,2,2,1,25,12.5,0,0
2/6/24,Drinks,7,16,2.3,304.99,43.57,100,304.99
2/6/24,General Food,8,41,5.1,668.47,83.55,100,668.47
2/6/24,Meat/Fish,4,6,1.5,100,25,100,100
2/7/24,Drinks,6,10,1.7,361.96,60.32,100,361.96
2/7/24,General Food,15,57,3.8,1771.13,118.07,100,1771.13
2/7/24,Household,1,1,1,15.99,15.99,100,15.99
2/7/24,Meat/Fish,3,3,1,50,16.66,100,50
2/7/24,Snacks,1,4,4,1,1,100,1
2/8/24,Drinks,1,1,1,40,40,100,40
2/8/24,General Food,18,83,4.6,1138.27,63.23,98.8,1118.27
2/8/24,Meat/Fish,7,7,1,110,15.71,100,110
2/8/24,Pinless Recharge,1,1,1,7,7,0,0
2/8/24,Snacks,1,4,4,1,1,100,1
2/9/24,Drinks,5,7,1.4,128.99,25.79,100,128.99
2/9/24,General Food,17,62,3.6,1253.6,73.74,98.4,1213.6
2/9/24,Meat/Fish,3,3,1,50,16.66,100,50
2/9/24,Pinless Recharge,1,1,1,10,10,0,0
2/9/24,Snacks,1,1,1,0.25,0.25,100,0.25
2/10/24,Cleaning&body,2,2,1,20,10,100,20
2/10/24,Drinks,1,1,1,40,40,100,40
2/10/24,General Food,22,82,3.7,1411.02,64.13,100,1411.02
2/10/24,Meat/Fish,4,6,1.5,105,26.25,100,105
2/11/24,General Food,4,7,1.8,431.87,107.96,100,431.87
2/11/24,Meat/Fish,1,1,1,15,15,100,15
2/12/24,Drinks,5,5,1,123.98,24.79,100,123.98
2/12/24,General Food,13,43,3.3,763.19,58.7,100,763.19
2/12/24,Meat/Fish,2,4,2,75,37.5,100,75
2/12/24,Pinless Recharge,1,1,1,10,10,0,0
2/12/24,Snacks,1,2,2,0.5,0.5,100,0.5
2/13/24,Cleaning&body,1,1,1,10.99,10.99,100,10.99
2/13/24,Drinks,4,5,1.3,161.98,40.49,100,161.98
2/13/24,General Food,15,65,4.3,1316.2,87.74,98.5,1311.2
2/14/24,Drinks,1,1,1,39.99,39.99,100,39.99
2/14/24,General Food,9,42,4.7,262.75,29.19,100,262.75
2/14/24,Meat/Fish,2,2,1,30,15,100,30
2/15/24,Drinks,1,1,1,2,2,100,2
2/15/24,General Food,1,7,7,118.99,118.99,100,118.99
2/16/24,Cleaning&body,1,2,2,23,23,100,23
2/16/24,Drinks,1,1,1,40,40,100,40
2/16/24,General Food,13,50,3.8,836.27,64.32,100,836.27
2/17/24,Cleaning&body,3,8,2.7,98.99,32.99,100,98.99
2/17/24,Clothes,1,1,1,40,40,100,40
2/17/24,Drinks,2,4,2,46,23,100,46
2/17/24,General Food,13,69,5.3,739.7,56.9,100,739.7
2/17/24,Meat/Fish,3,6,2,155,51.66,100,155
2/17/24,Pasta/Rice,1,2,2,20,20,100,20
2/17/24,Pinless Recharge,1,1,1,15,15,0,0
2/17/24,Snacks,1,1,1,0.25,0.25,100,0.25
2/18/24,General Food,3,20,6.7,177.83,59.27,100,177.83
2/19/24,Drinks,2,4,2,160,80,100,160
2/19/24,General Food,13,58,4.5,862.23,66.32,100,862.23
2/19/24,Household,1,1,1,15.99,15.99,100,15.99
2/19/24,Meat/Fish,1,1,1,20,20,100,20
2/20/24,Drinks,4,5,1.3,199.99,49.99,100,199.99
2/20/24,General Food,9,33,3.7,435.83,48.42,100,435.83
2/20/24,Meat/Fish,3,4,1.3,80,26.66,100,80
2/21/24,Drinks,1,2,2,80,80,100,80
2/21/24,General Food,7,17,2.4,190.95,27.27,100,190.95
2/21/24,Meat/Fish,2,3,1.5,55,27.5,100,55
2/22/24,Cleaning&body,2,3,1.5,25,12.5,100,25
2/22/24,Drinks,4,5,1.3,123.99,30.99,100,123.99
2/22/24,General Food,9,34,3.8,561.82,62.42,100,561.82
2/22/24,Snacks,1,1,1,0.25,0.25,100,0.25
2/23/24,General Food,6,19,3.2,460.88,76.81,100,460.88
2/23/24,Meat/Fish,1,4,4,40,40,100,40
2/23/24,Pinless Recharge,2,2,1,35,17.5,0,0
2/23/24,Vitamins/Medicine,1,1,1,25,25,0,0
2/24/24,Cleaning&body,1,2,2,23,23,100,23
2/24/24,Clothes,1,1,1,60,60,0,0
2/24/24,General Food,11,41,3.7,632.73,57.52,100,632.73
2/24/24,Meat/Fish,3,14,4.7,150,50,100,150
2/26/24,General Food,9,35,3.9,271.4,30.15,100,271.4
2/27/24,Drinks,1,1,1,40,40,100,40
2/27/24,General Food,6,23,3.8,293.94,48.99,100,293.94
2/27/24,Household,1,2,2,14,14,100,14
2/27/24,Pinless Recharge,1,1,1,15,15,0,0
2/28/24,Drinks,2,3,1.5,82.99,41.49,100,82.99
2/28/24,General Food,5,36,7.2,368.87,73.77,100,368.87
2/28/24,Meat/Fish,2,3,1.5,50,25,100,50
2/28/24,Snacks,1,1,1,30,30,100,30
2/29/24,Condiments,1,2,2,3,3,100,3
2/29/24,Drinks,1,1,1,1,1,100,1
2/29/24,General Food,7,40,5.7,516.2,73.74,100,516.2
3/1/24,Drinks,2,4,2,83.98,41.99,100,83.98
3/1/24,General Food,2,9,4.5,239.97,119.98,100,239.97
3/2/24,Drinks,4,4,1,159.96,39.99,100,159.96
3/2/24,General Food,23,170,7.4,2626.68,114.2,100,2626.68
3/2/24,Household,1,1,1,7.99,7.99,100,7.99
3/2/24,Meat/Fish,2,2,1,30,15,100,30
3/2/24,Snacks,1,2,2,0.5,0.5,100,0.5
3/2/24,Tobacco,1,1,1,0.55,0.55,0,0
3/3/24,Drinks,1,1,1,40,40,100,40
3/3/24,General Food,1,3,3,59.99,59.99,100,59.99
3/4/24,Drinks,2,11,5.5,60,30,100,60
3/4/24,Frozen,1,1,1,5,5,100,5
3/4/24,General Food,18,180,10,1885.55,104.75,100,1885.55
3/4/24,Household,3,13,4.3,91.99,30.66,100,91.99
3/4/24,Meat/Fish,2,3,1.5,60,30,100,60
3/5/24,Drinks,4,8,2,129.99,32.49,100,129.99
3/5/24,Frozen,2,2,1,10,5,100,10
3/5/24,General Food,17,90,5.3,789.13,46.41,100,789.13
3/5/24,Household,3,4,1.3,23.98,7.99,100,23.98
3/5/24,Meat/Fish,4,8,2,120,30,100,120
3/5/24,Pinless Recharge,2,2,1,25,12.5,0,0
3/5/24,Snacks,1,2,2,1,1,100,1
3/6/24,Cleaning&body,1,1,1,12,12,100,12
3/6/24,Drinks,1,20,20,40,40,100,40
3/6/24,General Food,9,63,7,503.08,55.89,98.4,448.08
3/6/24,Household,1,2,2,14,14,100,14
3/6/24,Meat/Fish,2,3,1.5,60,30,100,60
3/6/24,Pinless Recharge,1,1,1,5,5,0,0
3/6/24,Vitamins/Medicine,1,2,2,10,10,100,10
3/7/24,Cleaning&body,1,1,1,5,5,100,5
3/7/24,Clothes,1,4,4,40,40,100,40
3/7/24,Frozen,2,3,1.5,60,30,33.3,40
3/7/24,General Food,13,117,9,628.37,48.33,98.3,614.37
3/7/24,Household,1,3,3,23.97,23.97,100,23.97
3/7/24,Meat/Fish,2,8,4,80,40,100,80
3/7/24,Pinless Recharge,3,3,1,25,8.33,0,0
3/7/24,Snacks,1,24,24,12,12,100,12
3/8/24,Drinks,1,7,7,14,14,100,14
3/8/24,Frozen,1,2,2,32,32,0,0
3/8/24,General Food,16,80,5,648.45,40.52,93.8,621.45
3/8/24,Household,1,2,2,14,14,100,14
3/8/24,Meat/Fish,3,5,1.7,100,33.33,80,70
3/9/24,Cleaning&body,3,5,1.7,30,10,40,15
3/9/24,Dairy,1,2,2,6,6,0,0
3/9/24,General Food,17,73,4.3,1036.31,60.95,100,1036.31
3/9/24,Meat/Fish,5,7,1.4,110,22,100,110
3/9/24,Snacks,1,4,4,2,2,100,2
3/10/24,General Food,4,18,4.5,168.97,42.24,77.8,148.97
3/10/24,Meat/Fish,3,5,1.7,120,40,100,120
3/11/24,Cleaning&body,1,10,10,48.81,48.81,100,48.81
3/11/24,Drinks,1,1,1,40,40,100,40
3/11/24,Frozen,1,1,1,40,40,100,40
3/11/24,General Food,21,102,4.9,1001.62,47.69,99,989.62
3/11/24,Household,1,1,1,7.99,7.99,100,7.99
3/11/24,Meat/Fish,3,6,2,150,50,100,150
3/11/24,Pinless Recharge,1,1,1,7,7,0,0
3/12/24,Frozen,1,5,5,200,200,100,200
3/12/24,General Food,10,37,3.7,535.33,53.53,100,535.33
3/12/24,Meat/Fish,1,3,3,90,90,100,90
3/14/24,General Food,12,48,4,533.49,44.45,100,533.49
3/15/24,Frozen,2,6,3,240,120,100,240
3/15/24,General Food,12,72,6,610.41,50.86,100,610.41
3/15/24,Meat/Fish,2,5,2.5,130,65,100,130
3/15/24,Pinless Recharge,1,1,1,6,6,0,0
3/16/24,General Food,12,33,2.8,307.9,25.65,100,307.9
3/17/24,General Food,2,5,2.5,64.99,32.49,100,64.99
3/17/24,Meat/Fish,1,1,1,30,30,100,30
3/18/24,General Food,2,15,7.5,229,114.5,100,229
3/18/24,Misc.,1,1,1,2,2,100,2
3/18/24,Pinless Recharge,4,4,1,34,8.5,0,0
3/19/24,General Food,18,64,3.6,420.81,23.37,100,420.81
3/20/24,Cleaning&body,1,12,12,36.6,36.6,100,36.6
3/20/24,General Food,9,22,2.4,312.05,34.67,100,312.05
3/20/24,Meat/Fish,2,4,2,40,20,100,40
3/20/24,Pinless Recharge,1,1,1,10,10,0,0
3/21/24,Cleaning&body,2,4,2,40,20,100,40
3/21/24,General Food,6,42,7,462.29,77.04,100,462.29
3/22/24,General Food,8,23,2.9,223.94,27.99,100,223.94
3/22/24,Meat/Fish,1,1,1,20,20,100,20
3/23/24,Cleaning&body,1,4,4,38,38,100,38
3/23/24,Drinks,1,2,2,41.99,41.99,100,41.99
3/23/24,Frozen,3,8,2.7,320,106.66,100,320
3/23/24,General Food,17,68,4,974.07,57.29,100,974.07
3/23/24,Meat/Fish,8,15,1.9,280,35,100,280
3/24/24,General Food,3,28,9.3,311.92,103.97,100,311.92
3/24/24,Meat/Fish,4,6,1.5,100,25,100,100
3/25/24,Drinks,1,1,1,40,40,100,40
3/25/24,General Food,7,33,4.7,523.37,74.76,100,523.37
3/25/24,Meat/Fish,2,4,2,50,25,100,50
3/26/24,General Food,6,31,5.2,258.04,43,100,258.04
3/26/24,Meat/Fish,2,2,1,40,20,100,40
3/27/24,Drinks,1,1,1,2,2,100,2
3/27/24,General Food,7,54,7.7,531.08,75.86,100,531.08
3/27/24,Household,1,1,1,7.99,7.99,100,7.99
3/27/24,Meat/Fish,1,1,1,20,20,100,20
3/28/24,Cleaning&body,1,1,1,5,5,100,5
3/28/24,Drinks,1,1,1,39.99,39.99,100,39.99
3/28/24,General Food,14,74,5.3,876.18,62.58,100,876.18
3/28/24,Household,1,1,1,7.99,7.99,100,7.99
3/28/24,Meat/Fish,3,7,2.3,135,45,100,135
3/29/24,Cleaning&body,1,1,1,12,12,100,12
3/29/24,Drinks,2,4,2,160,80,100,160
3/29/24,General Food,5,22,4.4,371.36,74.27,100,371.36
3/29/24,Meat/Fish,1,1,1,20,20,100,20
3/29/24,Snacks,1,1,1,30,30,100,30
3/30/24,General Food,9,67,7.4,1334.82,148.31,100,1334.82
4/1/24,Cleaning&body,2,5,2.5,25.2,12.6,100,25.2
4/1/24,Drinks,3,4,1.3,121.97,40.65,100,121.97
4/1/24,Frozen,2,3,1.5,120,60,66.7,80
4/1/24,General Food,16,74,4.6,1720.81,107.55,98.6,1715.81
4/1/24,Meat/Fish,3,5,1.7,140,46.66,100,140
4/1/24,Snacks,1,4,4,1,1,100,1
4/2/24,Clothes,2,2,1,80,40,100,80
4/2/24,Drinks,9,10,1.1,209.99,23.33,100,209.99
4/2/24,General Food,16,65,4.1,1373.79,85.86,100,1373.79
4/2/24,Meat/Fish,3,4,1.3,60,20,100,60
4/2/24,Snacks,2,6,3,3.75,1.87,100,3.75
4/3/24,Cleaning&body,1,2,2,10,10,100,10
4/3/24,Drinks,1,2,2,79.99,79.99,100,79.99
4/3/24,General Food,10,22,2.2,488.8,48.88,100,488.8
4/3/24,Meat/Fish,1,1,1,20,20,100,20
4/4/24,Drinks,2,2,1,79.98,39.99,100,79.98
4/4/24,General Food,19,99,5.2,2330.46,122.65,100,2330.46
4/4/24,Meat/Fish,2,6,3,168,84,100,168
4/4/24,Snacks,1,2,2,0.5,0.5,100,0.5
4/5/24,Cleaning&body,1,1,1,2,2,100,2
4/5/24,Drinks,4,5,1.3,199.98,49.99,100,199.98
4/5/24,Frozen,2,11,5.5,100,50,90.9,70
4/5/24,General Food,13,129,9.9,1942.47,149.42,100,1942.47
4/5/24,Household,1,1,1,7.99,7.99,100,7.99
4/5/24,Meat/Fish,3,5,1.7,70,23.33,100,70
4/5/24,Snacks,2,5,2.5,1.25,0.62,100,1.25
4/6/24,Cleaning&body,1,1,1,5,5,100,5
4/6/24,Drinks,1,2,2,80,80,100,80
4/6/24,Frozen,1,2,2,80,80,100,80
4/6/24,General Food,17,71,4.2,1227.89,72.22,91.5,1102.89
4/6/24,Household,1,2,2,14,14,100,14
4/6/24,Meat/Fish,1,5,5,150,150,100,150
4/6/24,Snacks,1,1,1,0.25,0.25,100,0.25
4/7/24,General Food,2,12,6,87.91,43.95,100,87.91
4/8/24,Cleaning&body,1,1,1,10,10,100,10
4/8/24,Drinks,4,5,1.3,199.97,49.99,100,199.97
4/8/24,Frozen,1,1,1,100,100,0,0
4/8/24,General Food,20,92,4.6,2248.35,112.41,98.9,2238.35
4/8/24,Household,3,3,1,23.97,7.99,100,23.97
4/8/24,Meat/Fish,3,3,1,70,23.33,100,70
4/8/24,Snacks,1,1,1,3.99,3.99,100,3.99
4/9/24,Drinks,3,4,1.3,159.97,53.32,100,159.97
4/9/24,General Food,13,62,4.8,1425.69,109.66,100,1425.69
4/9/24,Meat/Fish,4,4,1,80,20,100,80
4/9/24,Snacks,1,5,5,1.25,1.25,100,1.25
4/10/24,Drinks,5,5,1,161.97,32.39,100,161.97
4/10/24,Frozen,1,1,1,22,22,0,0
4/10/24,General Food,10,58,5.8,798.39,79.83,100,798.39
4/10/24,Meat/Fish,1,6,6,110,110,100,110
4/10/24,Snacks,2,5,2.5,1.25,0.62,100,1.25
4/11/24,Drinks,2,3,1.5,44,22,100,44
4/11/24,General Food,13,56,4.3,1009.93,77.68,100,1009.93
4/11/24,Meat/Fish,6,7,1.2,150,25,100,150
4/11/24,Snacks,1,4,4,1,1,100,1
4/12/24,Cleaning&body,2,2,1,20,10,100,20
4/12/24,Drinks,2,3,1.5,43.99,21.99,100,43.99
4/12/24,General Food,18,105,5.8,999.69,55.53,100,999.69
4/12/24,Meat/Fish,1,1,1,20,20,100,20
4/13/24,General Food,10,73,7.3,802.14,80.21,100,802.14
4/13/24,Meat/Fish,8,25,3.1,360,45,100,360
4/14/24,Drinks,1,1,1,39.99,39.99,100,39.99
4/14/24,General Food,2,4,2,140,70,100,140
4/15/24,Drinks,1,1,1,39.99,39.99,100,39.99
4/15/24,General Food,9,25,2.8,930.82,103.42,100,930.82
4/15/24,Meat/Fish,1,1,1,20,20,100,20
4/15/24,Snacks,1,2,2,0.5,0.5,100,0.5
4/16/24,Drinks,2,2,1,79.99,39.99,100,79.99
4/16/24,General Food,11,56,5.1,977.74,88.88,100,977.74
4/16/24,Meat/Fish,2,2,1,45,22.5,100,45
4/16/24,Snacks,1,3,3,0.75,0.75,100,0.75
4/17/24,Cleaning&body,1,1,1,5,5,100,5
4/17/24,General Food,12,71,5.9,2300.03,191.66,100,2300.03
4/17/24,Meat/Fish,2,2,1,40,20,100,40
4/17/24,Snacks,1,3,3,0.75,0.75,100,0.75
4/18/24,Drinks,1,1,1,40,40,100,40
4/18/24,General Food,10,42,4.2,923.8,92.38,100,923.8
4/18/24,Meat/Fish,3,3,1,75,25,100,75
4/18/24,Snacks,1,2,2,1,1,100,1
4/19/24,Cleaning&body,1,1,1,4,4,100,4
4/19/24,General Food,11,36,3.3,502.1,45.64,100,502.1
4/19/24,Meat/Fish,1,1,1,20,20,100,20
4/20/24,Cleaning&body,2,2,1,33,16.5,100,33
4/20/24,Drinks,1,1,1,2,2,100,2
4/20/24,General Food,17,104,6.1,1264.76,74.39,100,1264.76
4/20/24,Household,1,1,1,7.99,7.99,100,7.99
4/20/24,Meat/Fish,1,1,1,25,25,100,25
4/20/24,Snacks,1,1,1,0.25,0.25,100,0.25
4/22/24,Cleaning&body,1,1,1,5,5,100,5
4/22/24,Drinks,1,2,2,4,4,100,4
4/22/24,General Food,5,22,4.4,315.88,63.17,95.5,309.88
4/23/24,Drinks,4,4,1,159.99,39.99,100,159.99
4/23/24,General Food,16,65,4.1,923.77,57.73,100,923.77
4/23/24,Household,3,3,1,23.97,7.99,100,23.97
4/23/24,Meat/Fish,2,3,1.5,75,37.5,100,75
4/23/24,Snacks,3,9,3,2.25,0.75,100,2.25
4/24/24,Drinks,2,5,2.5,47.99,23.99,100,47.99
4/24/24,General Food,5,26,5.2,1005.66,201.13,100,1005.66
4/24/24,Snacks,2,5,2.5,4.99,2.49,100,4.99
4/25/24,General Food,5,11,2.2,170,34,100,170
4/25/24,Meat/Fish,1,1,1,20,20,100,20
4/26/24,Drinks,2,2,1,42,21,100,42
4/26/24,General Food,7,35,5,375.55,53.65,100,375.55
4/26/24,Meat/Fish,1,1,1,25,25,100,25
4/27/24,General Food,11,60,5.5,957.96,87.08,100,957.96
4/27/24,Household,1,1,1,7.99,7.99,100,7.99
4/27/24,Meat/Fish,1,2,2,60,60,100,60
4/27/24,Snacks,1,1,1,5,5,0,0
4/29/24,Cleaning&body,1,2,2,10,10,100,10
4/29/24,Drinks,2,5,2.5,123.99,61.99,100,123.99
4/29/24,General Food,4,20,5,558.89,139.72,100,558.89
4/29/24,Meat/Fish,1,1,1,15,15,100,15
4/29/24,Snacks,1,4,4,1,1,100,1
4/30/24,Drinks,2,2,1,80,40,100,80
4/30/24,Frozen,1,1,1,30,30,0,0
4/30/24,General Food,6,25,4.2,1348.72,224.78,100,1348.72
4/30/24,Meat/Fish,2,2,1,75,37.5,100,75
4/30/24,Pinless Recharge,1,1,1,20,20,0,0
5/1/24,Drinks,5,5,1,199.95,39.99,100,199.95
5/1/24,General Food,17,64,3.8,1559.76,91.75,100,1559.76
5/1/24,Meat/Fish,1,1,1,30,30,100,30
5/2/24,Cleaning&body,1,1,1,13,13,100,13
5/2/24,Drinks,6,9,1.5,245.95,40.99,100,245.95
5/2/24,General Food,12,95,7.9,1033.83,86.15,100,1033.83
5/2/24,Meat/Fish,3,4,1.3,80,26.66,100,80
5/2/24,Pasta/Rice,1,1,1,10,10,0,0
5/3/24,Cleaning&body,1,1,1,15,15,100,15
5/3/24,Drinks,5,6,1.2,239.96,47.99,100,239.96
5/3/24,General Food,14,74,5.3,1984.6,141.75,100,1984.6
5/3/24,Meat/Fish,2,4,2,105,52.5,100,105
5/3/24,Snacks,2,5,2.5,1.25,0.62,100,1.25
5/4/24,Cleaning&body,1,1,1,2,2,100,2
5/4/24,Drinks,1,1,1,40,40,100,40
5/4/24,General Food,10,48,4.8,710.87,71.08,95.8,610.87
5/4/24,Meat/Fish,1,1,1,30,30,100,30
5/5/24,General Food,1,4,4,63,63,100,63
5/6/24,Drinks,1,1,1,39.99,39.99,100,39.99
5/6/24,General Food,14,48,3.4,1166.74,83.33,100,1166.74
5/6/24,Meat/Fish,1,1,1,15,15,100,15
5/7/24,Drinks,5,7,1.4,127.98,25.59,100,127.98
5/7/24,General Food,18,98,5.4,1864.23,103.56,100,1864.23
5/7/24,Meat/Fish,5,5,1,90,18,100,90
5/7/24,Pinless Recharge,1,1,1,10,10,0,0
5/7/24,Snacks,2,5,2.5,1.25,0.62,100,1.25
5/8/24,Calling Card,1,1,1,60,60,0,0
5/8/24,Cleaning&body,1,1,1,10.99,10.99,100,10.99
5/8/24,Drinks,6,7,1.2,279.96,46.66,100,279.96
5/8/24,General Food,13,41,3.2,1359.69,104.59,97.6,1329.69
5/9/24,Drinks,5,6,1.2,239.98,47.99,100,239.98
5/9/24,General Food,28,133,4.8,1960.68,70.02,100,1960.68
5/9/24,Household,1,2,2,15.98,15.98,100,15.98
5/9/24,Meat/Fish,2,2,1,35,17.5,100,35
5/9/24,Pinless Recharge,1,1,1,5,5,0,0
5/9/24,Snacks,2,5,2.5,4.99,2.49,100,4.99
5/10/24,Calling Card,1,1,1,2.5,2.5,0,0
5/10/24,Cleaning&body,2,4,2,30.55,15.27,100,30.55
5/10/24,Drinks,9,14,1.6,443.94,49.32,100,443.94
5/10/24,General Food,19,74,3.9,1865.64,98.19,98.6,1830.64
5/10/24,Household,1,1,1,7.99,7.99,100,7.99
5/10/24,Snacks,1,2,2,0.5,0.5,100,0.5
5/11/24,Drinks,3,4,1.3,83.98,27.99,100,83.98
5/11/24,General Food,10,33,3.3,783.91,78.39,100,783.91
5/11/24,Meat/Fish,1,1,1,50,50,0,0
5/13/24,Drinks,3,3,1,43.99,14.66,100,43.99
5/13/24,General Food,19,74,3.9,1690.76,88.98,100,1690.76
5/14/24,Drinks,1,2,2,4,4,100,4
5/14/24,General Food,7,39,5.6,1150.89,164.41,100,1150.89
5/14/24,Meat/Fish,1,1,1,10,10,100,10
5/15/24,Cleaning&body,1,1,1,5,5,100,5
5/15/24,General Food,3,9,3,86.96,28.98,100,86.96
5/16/24,Drinks,3,4,1.3,46,15.33,100,46
5/16/24,General Food,11,93,8.5,685.37,62.3,100,685.37
5/16/24,Meat/Fish,2,2,1,41,20.5,100,41
5/16/24,Snacks,1,3,3,0.75,0.75,100,0.75
5/17/24,Cleaning&body,2,5,2.5,87.69,43.84,100,87.69
5/17/24,General Food,9,41,4.6,404.76,44.97,100,404.76
5/17/24,Household,1,2,2,9.49,9.49,100,9.49
5/17/24,Meat/Fish,1,1,1,25,25,100,25
5/18/24,Drinks,2,2,1,42,21,100,42
5/18/24,General Food,7,43,6.1,432.23,61.74,100,432.23
5/18/24,Household,1,1,1,7.99,7.99,100,7.99
5/18/24,Meat/Fish,1,2,2,50,50,100,50
5/20/24,Drinks,1,2,2,80,80,100,80
5/20/24,General Food,6,25,4.2,491.37,81.89,100,491.37
5/20/24,Household,1,2,2,15.98,15.98,100,15.98
5/21/24,Cleaning&body,1,4,4,24.99,24.99,100,24.99
5/21/24,General Food,9,36,4,131.39,14.59,100,131.39
5/21/24,Meat/Fish,1,1,1,40,40,100,40
5/21/24,Pinless Recharge,1,1,1,5,5,0,0
5/22/24,Drinks,1,1,1,0.5,0.5,100,0.5
5/22/24,General Food,5,14,2.8,83.12,16.62,100,83.12
5/22/24,Vitamins/Medicine,1,1,1,7,7,0,0
5/23/24,General Food,5,11,2.2,199.93,39.98,100,199.93
5/24/24,Drinks,1,1,1,39.99,39.99,100,39.99
5/24/24,General Food,9,53,5.9,436.51,48.5,100,436.51
5/24/24,Household,1,1,1,7.99,7.99,100,7.99
5/24/24,Meat/Fish,1,1,1,15,15,100,15
5/24/24,Pinless Recharge,1,1,1,20,20,0,0
5/25/24,Cleaning&body,2,3,1.5,24,12,100,24
5/25/24,Frozen,1,2,2,16,16,100,16
5/25/24,General Food,9,45,5,997.95,110.88,86.7,941.95
5/25/24,Household,2,2,1,11.49,5.74,100,11.49
5/27/24,Cleaning&body,1,1,1,15,15,100,15
5/27/24,Drinks,1,2,2,80,80,100,80
5/27/24,General Food,16,73,4.6,1239.97,77.49,100,1239.97
5/27/24,Meat/Fish,1,1,1,15,15,100,15
5/27/24,Snacks,1,2,2,0.5,0.5,100,0.5
5/28/24,Frozen,1,2,2,16,16,100,16
5/28/24,General Food,4,11,2.8,120.95,30.23,81.8,110.95
5/29/24,General Food,2,5,2.5,151.96,75.98,80,11.96
5/30/24,Cleaning&body,1,1,1,13,13,100,13
5/30/24,Clothes,1,2,2,80,80,100,80
5/30/24,Drinks,1,1,1,40,40,100,40
5/30/24,Frozen,1,2,2,4,4,100,4
5/30/24,General Food,4,56,14,576.78,144.19,100,576.78
5/31/24,Drinks,1,1,1,40,40,100,40
5/31/24,General Food,4,11,2.8,110.92,27.73,100,110.92
5/31/24,Snacks,1,1,1,0.25,0.25,100,0.25
6/1/24,General Food,12,50,4.2,426.75,35.56,100,426.75
6/1/24,Pinless Recharge,1,1,1,15,15,0,0
6/3/24,Drinks,2,2,1,80,40,100,80
6/3/24,General Food,18,75,4.2,1904.46,105.8,100,1904.46
6/3/24,Meat/Fish,2,2,1,30,15,100,30
6/3/24,Snacks,1,4,4,1,1,100,1
6/4/24,Drinks,4,7,1.8,163.98,40.99,100,163.98
6/4/24,General Food,11,54,4.9,1520,138.18,100,1520
6/4/24,Household,1,1,1,7.99,7.99,100,7.99
6/4/24,Meat/Fish,1,5,5,145,145,100,145
6/4/24,Snacks,3,10,3.3,5.75,1.91,100,5.75
6/5/24,Cleaning&body,2,0,0,0,0,100,0
6/5/24,Drinks,8,8,1,206.97,25.87,100,206.97
6/5/24,General Food,21,115,5.5,2479.57,118.07,100,2479.57
6/5/24,Household,2,2,1,11.5,5.75,100,11.5
6/5/24,Meat/Fish,3,4,1.3,95,31.66,100,95
6/5/24,Snacks,2,4,2,12.5,6.25,75,2.5
6/5/24,Vitamins/Medicine,1,1,1,5,5,0,0
6/6/24,Cleaning&body,1,2,2,14,14,100,14
6/6/24,Dairy,1,1,1,35,35,0,0
6/6/24,Drinks,8,12,1.5,284.97,35.62,100,284.97
6/6/24,General Food,18,46,2.6,1478.54,82.14,100,1478.54
6/6/24,Meat/Fish,2,2,1,40,20,100,40
6/6/24,Snacks,1,1,1,0.25,0.25,100,0.25
6/7/24,Cleaning&body,2,3,1.5,43.69,21.84,100,43.69
6/7/24,Drinks,10,12,1.2,327.93,32.79,100,327.93
6/7/24,Frozen,1,1,1,109,109,0,0
6/7/24,General Food,23,103,4.5,1949.23,84.74,100,1949.23
6/7/24,Meat/Fish,1,4,4,60,60,100,60
6/8/24,Drinks,7,8,1.1,281.97,40.28,100,281.97
6/8/24,General Food,22,94,4.3,994.57,45.2,98.9,844.57
6/8/24,Household,1,1,1,7.99,7.99,100,7.99
6/8/24,Meat/Fish,1,1,1,20,20,100,20
6/8/24,Snacks,1,3,3,0.75,0.75,100,0.75
6/10/24,Drinks,3,4,1.3,119.98,39.99,100,119.98
6/10/24,General Food,9,32,3.6,415.78,46.19,100,415.78
6/10/24,Meat/Fish,2,2,1,40,20,100,40
6/10/24,Snacks,1,4,4,1,1,100,1
6/11/24,Cleaning&body,1,1,1,5,5,100,5
6/11/24,Drinks,5,5,1,161.98,32.39,100,161.98
6/11/24,General Food,17,90,5.3,1719.41,101.14,100,1719.41
6/11/24,Meat/Fish,3,3,1,65,21.66,100,65
6/11/24,Snacks,2,8,4,2,1,100,2
6/12/24,Drinks,2,2,1,79.98,39.99,100,79.98
6/12/24,General Food,13,44,3.4,870.09,66.93,100,870.09
6/12/24,Household,2,2,1,5.49,2.74,100,5.49
6/12/24,Meat/Fish,2,6,3,150,75,100,150
6/12/24,Pinless Recharge,1,1,1,10,10,0,0
6/13/24,General Food,8,26,3.3,304.87,38.1,100,304.87
6/13/24,Meat/Fish,1,1,1,25,25,100,25
6/14/24,Cleaning&body,3,3,1,43,14.33,100,43
6/14/24,Drinks,4,10,2.5,247.99,61.99,100,247.99
6/14/24,General Food,18,72,4,1844.58,102.47,100,1844.58
6/14/24,Snacks,1,2,2,0.5,0.5,100,0.5
6/15/24,Cleaning&body,1,2,2,30,30,100,30
6/15/24,Frozen,1,2,2,11.98,11.98,100,11.98
6/15/24,General Food,12,42,3.5,714.94,59.57,100,714.94
6/15/24,Household,1,1,1,7,7,100,7
6/17/24,Drinks,1,4,4,8,8,100,8
6/17/24,General Food,8,21,2.6,680.88,85.11,95.2,645.88
6/18/24,Drinks,1,3,3,119.99,119.99,100,119.99
6/18/24,General Food,9,37,4.1,619.06,68.78,100,619.06
6/19/24,Drinks,1,2,2,70.99,70.99,100,70.99
6/19/24,General Food,10,65,6.5,1395.19,139.51,100,1395.19
6/19/24,Meat/Fish,2,2,1,30,15,100,30
6/20/24,Drinks,3,7,2.3,52,17.33,100,52
6/20/24,General Food,8,69,8.6,1015.87,126.98,100,1015.87
6/20/24,Meat/Fish,1,1,1,25,25,100,25
6/20/24,Snacks,2,8,4,2,1,100,2
6/21/24,Drinks,4,10,2.5,58,14.5,100,58
6/21/24,General Food,11,59,5.4,621.91,56.53,100,621.91
6/22/24,General Food,6,26,4.3,302.4,50.4,100,302.4
6/22/24,Meat/Fish,1,1,1,25,25,100,25
6/22/24,Pasta/Rice,1,1,1,10,10,100,10
6/24/24,Drinks,1,2,2,80,80,100,80
6/24/24,General Food,4,10,2.5,403.88,100.97,100,403.88
6/24/24,Meat/Fish,2,2,1,40,20,100,40
6/25/24,General Food,5,20,4,330.81,66.16,90,314.81
6/26/24,Cleaning&body,1,1,1,5,5,100,5
6/26/24,Drinks,1,3,3,6,6,100,6
6/26/24,General Food,3,17,5.7,227.22,75.74,100,227.22
6/26/24,Snacks,1,4,4,1,1,100,1
6/27/24,Cleaning&body,1,1,1,20,20,100,20
6/27/24,Drinks,2,4,2,160,80,100,160
6/27/24,General Food,8,22,2.8,542.8,67.85,100,542.8
6/28/24,Drinks,2,52,26,180,90,100,180
6/28/24,General Food,7,68,9.7,473.22,67.6,100,473.22
6/29/24,Cleaning&body,1,2,2,40,40,100,40
6/29/24,Clothes,1,4,4,40,40,100,40
6/29/24,Frozen,1,2,2,11.4,11.4,100,11.4
6/29/24,General Food,12,33,2.8,287.96,23.99,100,287.96
6/29/24,Meat/Fish,2,2,1,58.5,29.25,100,58.5
7/1/24,Drinks,3,5,1.7,199.97,66.65,100,199.97
7/1/24,General Food,10,41,4.1,654.86,65.48,100,654.86
7/1/24,Pasta/Rice,1,1,1,19.9,19.9,100,19.9
7/2/24,Cleaning&body,1,1,1,5,5,100,5
7/2/24,Drinks,4,6,1.5,201.99,50.49,100,201.99
7/2/24,General Food,15,110,7.3,1745.66,116.37,100,1745.66
7/2/24,Meat/Fish,1,1,1,30,30,100,30
7/2/24,Snacks,3,11,3.7,46.5,15.5,90.9,4.5
7/3/24,Cleaning&body,1,1,1,5,5,100,5
7/3/24,Drinks,6,10,1.7,171.97,28.66,100,171.97
7/3/24,General Food,19,106,5.6,1120.17,58.95,100,1120.17
7/3/24,Meat/Fish,1,1,1,30,30,100,30
7/3/24,Snacks,5,13,2.6,9.99,1.99,100,9.99
7/4/24,General Food,1,4,4,15.96,15.96,100,15.96
7/5/24,Drinks,4,5,1.3,123.99,30.99,100,123.99
7/5/24,General Food,31,114,3.7,2202.02,71.03,100,2202.02
7/5/24,Meat/Fish,3,4,1.3,86,28.66,100,86
7/5/24,Snacks,1,1,1,0.25,0.25,100,0.25
7/6/24,Cleaning&body,1,1,1,15.69,15.69,100,15.69
7/6/24,Drinks,8,15,1.9,416.95,52.11,100,416.95
7/6/24,General Food,22,133,6,2478.44,112.65,99.2,2470.44
7/6/24,Meat/Fish,2,2,1,55,27.5,100,55
7/6/24,Snacks,1,1,1,0.5,0.5,100,0.5
7/7/24,Drinks,1,2,2,79.99,79.99,100,79.99
7/7/24,General Food,1,13,13,219.93,219.93,100,219.93
7/8/24,Cleaning&body,1,2,2,23,23,100,23
7/8/24,Clothes,2,2,1,80,40,100,80
7/8/24,Drinks,8,11,1.4,211.97,26.49,100,211.97
7/8/24,Frozen,1,1,1,7,7,100,7
7/8/24,General Food,18,80,4.4,1783.61,99.08,100,1783.61
7/8/24,Meat/Fish,1,2,2,40,40,100,40
7/8/24,Snacks,3,12,4,4,1.33,100,4
7/9/24,Drinks,5,8,1.6,132.98,26.59,87.5,127.98
7/9/24,Frozen,1,1,1,40,40,100,40
7/9/24,General Food,21,97,4.6,1542.5,73.45,100,1542.5
7/9/24,Household,2,3,1.5,11.99,5.99,100,11.99
7/9/24,Meat/Fish,2,4,2,70,35,100,70
7/9/24,Pinless Recharge,1,1,1,15,15,0,0
7/9/24,Snacks,3,10,3.3,2.5,0.83,100,2.5
7/10/24,Cleaning&body,2,2,1,40,20,100,40
7/10/24,Drinks,1,4,4,8,8,100,8
7/10/24,Frozen,2,4,2,61,30.5,75,21
7/10/24,General Food,7,29,4.1,278.95,39.85,100,278.95
7/10/24,Meat/Fish,1,1,1,30,30,100,30
7/10/24,Misc.,1,1,1,15,15,100,15
7/10/24,Pasta/Rice,1,1,1,28,28,0,0
7/10/24,Snacks,2,14,7,6,3,100,6
7/11/24,Cleaning&body,2,2,1,36,18,100,36
7/11/24,Drinks,3,4,1.3,45.99,15.33,100,45.99
7/11/24,Frozen,1,2,2,14,14,100,14
7/11/24,General Food,15,71,4.7,1057.68,70.51,97.2,1048.68
7/11/24,Pinless Recharge,1,1,1,10,10,0,0
7/12/24,Drinks,3,5,1.7,200,66.66,100,200
7/12/24,General Food,16,68,4.3,2001.37,125.08,100,2001.37
7/12/24,Meat/Fish,2,2,1,45,22.5,100,45
7/12/24,Pasta/Rice,3,3,1,94.8,31.6,66.7,39.8
7/13/24,Drinks,3,8,2.7,167.98,55.99,100,167.98
7/13/24,General Food,8,45,5.6,1246.31,155.78,100,1246.31
7/13/24,Pasta/Rice,1,1,1,19.9,19.9,100,19.9
7/13/24,Snacks,1,4,4,1,1,100,1
7/15/24,General Food,3,25,8.3,275.13,91.71,100,275.13
7/15/24,Pinless Recharge,1,1,1,2,2,0,0
7/17/24,Drinks,1,3,3,119.98,119.98,100,119.98
7/17/24,General Food,9,35,3.9,1416.78,157.42,100,1416.78
7/18/24,Drinks,1,4,4,8,8,100,8
7/18/24,General Food,6,23,3.8,496.82,82.8,100,496.82
7/18/24,Pasta/Rice,1,1,1,19.9,19.9,100,19.9
7/18/24,Pinless Recharge,1,1,1,10,10,0,0
7/19/24,Drinks,4,9,2.3,56,14,100,56
7/19/24,General Food,8,21,2.6,708.86,88.6,100,708.86
7/19/24,Snacks,1,4,4,1,1,100,1
7/20/24,Drinks,5,9,1.8,94,18.8,100,94
7/20/24,General Food,14,59,4.2,1090.84,77.91,98.3,1087.84
7/22/24,Drinks,1,4,4,8,8,100,8
7/22/24,General Food,4,9,2.3,120,30,100,120
7/23/24,Cleaning&body,1,3,3,33,33,100,33
7/23/24,Drinks,1,3,3,6,6,100,6
7/23/24,Frozen,1,3,3,21,21,100,21
7/23/24,General Food,2,5,2.5,21.96,10.98,100,21.96
7/23/24,Pinless Recharge,1,1,1,5,5,0,0
7/23/24,Snacks,1,7,7,1.75,1.75,100,1.75
7/24/24,General Food,4,16,4,151.9,37.97,100,151.9
8/24/24,Meat/Fish,1,2,2,7,7,0,0
8/24/24,Pasta/Rice,1,2,2,70,70,0,0
8/27/24,General Food,2,9,4.5,34.46,17.23,100,34.46
8/27/24,Pasta/Rice,1,3,3,116,116,0,0
9/3/24,General Food,2,7,3.5,40.54,20.27,100,40.54
9/9/24,Pinless Recharge,1,1,1,30,30,0,0
9/17/24,General Food,1,1,1,3.99,3.99,100,3.99
10/9/24,General Food,1,6,6,50.09,50.09,100,50.09
10/9/24,Meat/Fish,1,4,4,24,24,0,0
10/10/24,General Food,1,2,2,12,12,100,12
10/12/24,Frozen,2,6,3,60,30,50,12
10/14/24,General Food,1,1,1,6,6,100,6
10/15/24,Condiments,1,1,1,10,10,100,10
10/15/24,Hygiene Feminine,1,4,4,60,60,100,60
10/19/24,General Food,1,3,3,19.98,19.98,100,19.98
10/23/24,General Food,1,2,2,40.99,40.99,100,40.99
10/26/24,Cleaning,1,2,2,40,40,100,40
10/26/24,Frozen,3,4,1.3,80,26.66,100,80
10/26/24,General Food,9,41,4.6,274.46,30.49,65.9,179.49
10/26/24,Hygiene Feminine,1,2,2,10,10,100,10
10/26/24,Vitamins/Medicine,1,3,3,3,3,0,0
10/30/24,Frozen,1,5,5,20,20,100,20
10/30/24,General Food,4,9,2.3,84.97,21.24,100,84.97
11/2/24,Frozen,2,3,1.5,81,40.5,0,0
11/2/24,General Food,6,14,2.3,81.75,13.62,100,81.75
11/2/24,Household,1,1,1,5.99,5.99,100,5.99
11/2/24,Pinless Recharge,1,1,1,10,10,0,0
11/4/24,General Food,1,1,1,5.99,5.99,100,5.99
11/4/24,Misc.,1,4,4,20,20,0,0
11/4/24,Tobacco,1,4,4,7.96,7.96,0,0
11/8/24,General Food,1,1,1,7.66,7.66,100,7.66
11/9/24,General Food,4,11,2.8,59.12,14.78,100,59.12
11/9/24,Meat/Fish,1,2,2,30,30,0,0
11/11/24,Cleaning,1,1,1,20,20,100,20
11/11/24,General Food,6,16,2.7,255.53,42.58,68.8,226.53
11/11/24,Meat/Fish,1,1,1,60,60,0,0
11/11/24,Snacks,1,1,1,2,2,0,0
11/16/24,General Food,1,2,2,9.98,9.98,100,9.98
11/16/24,Household,1,3,3,17.97,17.97,100,17.97
11/25/24,General Food,2,10,5,75.99,37.99,10,3.99
11/25/24,Meat/Fish,1,1,1,10,10,0,0
11/25/24,Pasta/Rice,1,3,3,18,18,0,0
11/28/24,General Food,5,17,3.4,127.59,25.51,88.2,111.59
11/28/24,Meat/Fish,1,4,4,75,75,25,35
11/28/24,Snacks,1,1,1,2,2,0,0
11/28/24,Vitamins/Medicine,1,2,2,10,10,0,0
12/9/24,Cleaning,1,1,1,20,20,100,20
12/11/24,General Food,1,4,4,45.98,45.98,75,35.98
12/11/24,Meat/Fish,1,1,1,50,50,0,0
12/11/24,Pinless Recharge,1,1,1,8.5,8.5,0,0
12/20/24,General Food,2,7,3.5,61.99,30.99,57.1,37.99
12/20/24,Hygiene Feminine,1,1,1,18,18,100,18
12/21/24,General Food,5,12,2.4,206.33,41.26,91.7,171.33
12/21/24,Meat/Fish,1,4,4,95,95,0,0
12/24/24,Drinks,1,4,4,8,8,0,0
12/24/24,Frozen,1,2,2,40,40,100,40
12/24/24,General Food,15,43,2.9,429.19,28.61,90.7,361.19
12/24/24,Hygiene Feminine,4,4,1,64,16,100,64
12/24/24,Meat/Fish,2,4,2,45,22.5,0,0
12/24/24,Pasta/Rice,1,1,1,44.99,44.99,0,0
12/28/24,General Food,1,1,1,45,45,100,45
12/28/24,Grocery Non-Taxable,1,1,1,2,2,0,0
1/3/25,Cleaning,1,4,4,4,4,100,4
1/3/25,General Food,2,21,10.5,281.96,140.98,100,281.96
1/3/25,Meat/Fish,1,4,4,200,200,0,0
1/3/25,Pasta/Rice,1,2,2,100,100,0,0
1/11/25,Cleaning,1,19,19,19,19,100,19
1/11/25,Drinks,1,3,3,11.97,11.97,100,11.97
1/11/25,Frozen,1,2,2,16,16,0,0
1/11/25,General Food,13,85,6.5,769.23,59.17,96.5,763.23
1/11/25,Hygiene Feminine,1,1,1,18,18,100,18
1/11/25,Meat/Fish,1,6,6,70,70,0,0
1/14/25,General Food,2,3,1.5,96,48,100,96
1/14/25,Misc.,1,1,1,5,5,0,0
1/20/25,General Food,3,19,6.3,151.97,50.65,89.5,141.97
1/20/25,Hygiene Feminine,1,1,1,5,5,100,5
1/20/25,Meat/Fish,1,4,4,40,40,0,0
1/21/25,Condiments,1,1,1,20,20,100,20
1/21/25,General Food,1,7,7,39.44,39.44,100,39.44
2/1/25,General Food,1,6,6,39.98,39.98,100,39.98
2/3/25,General Food,1,1,1,5.09,5.09,100,5.09
2/3/25,Pinless Recharge,2,2,1,22,11,0,0
2/7/25,Frozen,1,2,2,20,20,0,0
2/8/25,Frozen,1,1,1,20,20,100,20
2/8/25,General Food,8,33,4.1,383.76,47.97,93.9,381.76
2/8/25,Household,1,1,1,3,3,100,3
2/8/25,Vitamins/Medicine,2,7,3.5,35,17.5,0,0
2/10/25,Frozen,2,16,8,400,200,100,400
2/10/25,General Food,5,49,9.8,503.94,100.78,91.8,480.94
2/10/25,Grocery Non-Taxable,1,1,1,3,3,100,3
2/10/25,Hygiene Feminine,1,1,1,18,18,100,18
2/10/25,Meat/Fish,1,4,4,40,40,0,0
2/10/25,Pasta/Rice,1,3,3,96,96,66.7,90
2/11/25,General Food,1,4,4,37.98,37.98,100,37.98
2/15/25,General Food,8,32,4,276.23,34.52,93.8,264.25
2/15/25,Hygiene Feminine,1,1,1,8,8,100,8
2/15/25,Meat/Fish,1,3,3,30,30,0,0
2/15/25,Pinless Recharge,1,1,1,7,7,0,0
2/15/25,Vitamins/Medicine,2,6,3,15,7.5,16.7,10
2/21/25,Frozen,1,3,3,36,36,33.3,20
2/21/25,General Food,2,4,2,26,13,100,26
2/22/25,General Food,3,23,7.7,123.21,41.07,100,123.21
2/22/25,Pasta/Rice,1,1,1,10.99,10.99,100,10.99
2/22/25,Pinless Recharge,1,1,1,15,15,0,0